@article{Abbs1999,
author = {Abbs, Deborah J.},
doi = {10.1029/1998WR900013},
isbn = {1944-7973},
issn = {00431397},
journal = {Water Resources Research},
number = {3},
pages = {785--796},
publisher = {Wiley Online Library},
title = {{A numerical modeling study to investigate the assumptions used in the calculation of probable maximum precipitation}},
volume = {35},
year = {1999}
}

@article{EFT2:EFT2183,
author = {Alfieri, Lorenzo and Bisselink, Berny and Dottori, Francesco and Naumann, Gustavo and de Roo, Ad and Salamon, Peter and Wyser, Klaus and Feyen, Luc},
doi = {10.1002/2016EF000485},
issn = {2328-4277},
journal = {Earth's Future},
number = {2},
pages = {171--182},
publisher = {Wiley Periodicals, Inc.},
title = {{Global projections of river flood risk in a warmer world}},
volume = {5},
year = {2017}
}

@article{Allan2008,
author = {Allan, Richard P and Soden, Brian J},
doi = {10.1126/science.1160787},
isbn = {0036-8075 1095-9203},
issn = {00368075},
journal = {Science},
number = {5895},
pages = {1481--1484},
pmid = {18687921},
title = {{Atmospheric Warming and the Amplification of Precipitation Extremes}},
volume = {321},
year = {2008}
}

@misc{amante2009egrm,
author = {Amante, C and Eakins, B W},
doi = {10.1594/PANGAEA.769615},
institution = {NOAA-National Geophysical Data Center},
publisher = {PANGAEA},
title = {{ETOPO1 Global Relief Model converted to PanMap layer format}},
type = {data set},
year = {2009}
}

@article{Ashrafi2014,
author = {Ashrafi, Khosro and Shafiepour-Motlagh, Majid and Aslemand, Alireza and Ghader, Sarmad},
doi = {10.1186/2052-336X-12-9},
issn = {2052-336X},
journal = {Journal of environmental health science {\&} engineering},
number = {1},
pages = {9},
pmid = {24397928},
title = {{Dust storm simulation over Iran using HYSPLIT}},
volume = {12},
year = {2014}
}

@book{Asmal2000,
address = {London},
author = {Asmal, K and Coauthors},
isbn = {ISBN 1-85383-798-9},
language = {English},
pages = {xxxvii + 404 pp.},
publisher = {Earthscan Publications Ltd},
title = {{Dams and development: a new framework for decision-making. The report of the World Commission on dams.}},
year = {2000}
}

@book{austin1995radar,
author = {Austin, B.N. and Cluckie, I.D. and Collier, C.G. and Hardaker, P.J.},
institution = {Meteorological Office, Barcknell, UK},
isbn = {0-86180-313-2},
pages = {123},
publisher = {University of Salford, Telford Institute},
title = {{Radar-based Estimates of Probable Maximum Precipitation and Flood}},
year = {1995}
}

@article{essd-8-165-2016,
author = {Banzon, V and Smith, T M and Chin, T M and Liu, C and Hankins, W},
doi = {10.5194/essd-8-165-2016},
journal = {Earth System Science Data},
number = {1},
pages = {165--176},
title = {{A long-term record of blended satellite and in situ sea-surface temperature for climate monitoring, modeling and environmental studies}},
volume = {8},
year = {2016}
}

@article{Beauchamp2013,
author = {Beauchamp, Jos{\'{e}}e and Leconte, Robert and Trudel, M{\'{e}}lanie and Brissette, Fran{\c{c}}ois},
doi = {10.1002/wrcr.20336},
isbn = {1944-7973},
issn = {00431397},
journal = {Water Resources Research},
number = {6},
pages = {3852--3862},
title = {{Estimation of the summer-fall PMP and PMF of a northern watershed under a changed climate}},
volume = {49},
year = {2013}
}

@article{Becker2009,
author = {Becker, Emily J. and Berbery, Ernesto Hugo and Higgins, R. Wayne},
doi = {10.1175/2009JCLI2838.1},
isbn = {0894-8755},
issn = {08948755},
journal = {Journal of Climate},
number = {23},
pages = {6268--6286},
title = {{Understanding the characteristics of daily precipitation over the United States using the north American regional reanalysis}},
volume = {22},
year = {2009}
}

@article{Beljaars1996,
author = {Beljaars, Anton C M and Viterbo, Pedro and Miller, Martin J and Betts, Alan K},
doi = {10.1175/1520-0493(1996)124<0362:TAROTU>2.0.CO;2},
isbn = {0027-0644},
issn = {0027-0644},
journal = {Monthly Weather Review},
number = {3},
pages = {362--383},
title = {{The anomalous rainfall over the United States during July 1993: Sensitivity to land surface parameterization and soil moisture anomalies}},
volume = {124},
year = {1996}
}

@article{Bennett2013,
author = {Bennett, Neil D. and Croke, Barry F W and Guariso, Giorgio and Guillaume, Joseph H A and Hamilton, Serena H. and Jakeman, Anthony J. and Marsili-Libelli, Stefano and Newham, Lachlan T H and Norton, John P. and Perrin, Charles and Pierce, Suzanne A. and Robson, Barbara and Seppelt, Ralf and Voinov, Alexey A. and Fath, Brian D. and Andreassian, Vazken},
doi = {10.1016/j.envsoft.2012.09.011},
isbn = {1364-8152},
issn = {13648152},
journal = {Environmental Modelling and Software},
pages = {1--20},
pmid = {84871801369},
title = {{Characterising performance of environmental models}},
volume = {40},
year = {2013}
}

@article{Berg2013,
doi = {10.1038/ngeo1731},
author = {Berg, Peter and Moseley, Christopher and Haerter, Jan O},
issn = {1752-0894},
journal = {Nature Geosci},
month = {mar},
number = {3},
pages = {181--185},
publisher = {Nature Publishing Group},
title = {{Strong increase in convective precipitation in response to higher temperatures}},
volume = {6},
year = {2013}
}

@article{Betts1996,
author = {Betts, Alan K and Ball, John H and Beljaars, Anton C M and Miller, Martin J and Viterbo, Pedro A},
doi = {10.1029/95JD02135},
issn = {2156-2202},
journal = {Journal of Geophysical Research},
number = {3},
pages = {7209--7225},
title = {{The land surface-atmosphere interaction: A review based on observational and global modeling perspectives}},
volume = {101},
year = {1996}
}

@article{Bonnema2016,
author = {Bonnema, M. and Sikder, S. and Miao, Y. and Chen, Xiaodong and Hossain, F. and {Ara Pervin}, I. and {Mahbubur Rahman}, S.M. and Lee, H.},
doi = {10.1002/2015WR017830},
issn = {19447973 00431397},
journal = {Water Resources Research},
number = {5},
pages = {4095--4115},
title = {{Understanding satellite-based monthly-to-seasonal reservoir outflow estimation as a function of hydrologic controls}},
volume = {52},
year = {2016}
}

@inproceedings{Bornstein2000,
author = {Bornstein, Robert and Lin, Qinglu},
booktitle = {Atmospheric Environment},
doi = {10.1016/S1352-2310(99)00374-X},
isbn = {1352-2310},
issn = {13522310},
number = {3},
pages = {507--516},
title = {{Urban heat islands and summertime convective thunderstorms in Atlanta: Three case studies}},
volume = {34},
year = {2000}
}

@article{Brimelow2005,
author = {Brimelow, Julian C. and Reuter, Gerhard W.},
doi = {10.1175/JHM430.1},
issn = {1525-755X},
journal = {Journal of Hydrometeorology},
number = {2001},
pages = {423--440},
title = {{Transport of Atmospheric Moisture during Three Extreme Rainfall Events over the Mackenzie River Basin}},
volume = {6},
year = {2005}
}

@article{Brooks2003,
author = {Brooks, Harold E. and Lee, James W. and Craven, Jeffrey P.},
doi = {10.1016/S0169-8095(03)00045-0},
isbn = {0169-8095},
issn = {01698095},
journal = {Atmospheric Research},
pages = {73--94},
title = {{The spatial distribution of severe thunderstorm and tornado environments from global reanalysis data}},
volume = {67-68},
year = {2003}
}

@article{Bukovsky2007,
author = {Bukovsky, Melissa S. and Karoly, David J.},
doi = {10.1175/JHM595.1},
isbn = {1525-755X},
issn = {1525-755X},
journal = {Journal of Hydrometeorology},
number = {4},
pages = {837--846},
title = {{A Brief Evaluation of Precipitation from the North American Regional Reanalysis}},
volume = {8},
year = {2007}
}

@incollection{Bullard2008,
author = {Bullard, Robert D.},
booktitle = {Research in Social Problems and Public Policy},
chapter = {3},
doi = {10.1016/S0196-1152(07)15002-X},
isbn = {0762314176},
issn = {01961152},
pages = {51--85},
title = {{Equity, unnatural man-made disasters, and race: why environmental justice matters}},
volume = {15},
year = {2008}
}

@article{Casagli2006,
author = {Casagli, N. and Dapporto, S. and Ibsen, M. L. and Tofani, V. and Vannocci, P.},
doi = {10.1007/s10346-005-0007-y},
issn = {1612510X},
journal = {Landslides},
number = {1},
pages = {13--21},
title = {{Analysis of the landslide triggering mechanism during the storm of 20th-21st November 2000, in Northern Tuscany}},
volume = {3},
year = {2006}
}

@article{Chang1998,
author = {Chang, C. B.},
doi = {10.1007/BF01026634},
issn = {0177-7971},
journal = {Meteorology and Atmospheric Physics},
number = {3-4},
pages = {215--227},
title = {{A case study of excessive rainfall forecasting}},
volume = {66},
year = {1998}
}

@article{JGRD:JGRD18257,
annote = {D23118},
author = {Chang, Edmund K M and Guo, Yanjuan and Xia, Xiaoming},
doi = {10.1029/2012JD018578},
issn = {2156-2202},
journal = {Journal of Geophysical Research: Atmospheres},
number = {D23},
pages = {},
title = {{CMIP5 multimodel ensemble projection of storm track change under global warming}},
volume = {117},
year = {2012}
}

@article{Chang2009,
author = {Chang, Hsin I. and Kumar, Anil and Niyogi, Dev and Mohanty, U. C. and Chen, Fei and Dudhia, Jimy},
doi = {10.1016/j.gloplacha.2008.12.005},
isbn = {0921-8181},
issn = {09218181},
journal = {Global and Planetary Change},
number = {1},
pages = {87--103},
publisher = {Elsevier B.V.},
title = {{The role of land surface processes on the mesoscale simulation of the July 26, 2005 heavy rain event over Mumbai, India}},
volume = {67},
year = {2009}
}

@article{Chen2012,
author = {Chen, Bin and Xu, Xiang De and Yang, Shuai and Zhang, Wei},
doi = {10.1007/s00704-012-0641-y},
isbn = {1434-44830177-798X},
issn = {0177798X},
journal = {Theoretical and Applied Climatology},
number = {3},
pages = {423--435},
title = {{On the origin and destination of atmospheric moisture and air mass over the Tibetan Plateau}},
volume = {110},
year = {2012}
}

@article{Chen2013,
author = {Chen, Bing and Stein, Ariel F. and Maldonado, Pabla Guerrero and {Sanchez de la Campa}, Ana M. and Gonzalez-Castanedo, Yolanda and Castell, Nuria and de la Rosa, Jesus D.},
doi = {10.1016/j.atmosenv.2013.02.013},
isbn = {1352-2310},
issn = {13522310},
journal = {Atmospheric Environment},
pages = {234--244},
title = {{Size distribution and concentrations of heavy metals in atmospheric aerosols originating from industrial emissions as predicted by the HYSPLIT model}},
volume = {71},
year = {2013}
}

@article{Chen2016B,
author = {Chen, Biyan and Liu, Zhizhao},
doi = {10.1002/2015JD024524},
isbn = {2169-9291},
issn = {21699275},
journal = {Journal of Geophysical Research: Atmospheres},
number = {11},
pages = {11442--11462},
title = {{Global water vapor variability and trend from the latest 36year (1979 to 2014) data of ECMWF and NCEP reanalyses, radiosonde, GPS, and microwave satellite}},
volume = {121},
year = {2016}
}

@article{Chen2006,
author = {Chen, Li Chuan and Bradley, A. Allen},
doi = {10.1029/2005WR004469},
issn = {00431397},
journal = {Water Resources Research},
number = {9},
pages = {1--17},
title = {{Adequacy of using surface humidity to estimate atmospheric moisture availability for probable maximum precipitation}},
volume = {42},
year = {2006}
}

@article{Chen2016X,
author = {Chen, Xiaodong and Hossain, F.},
doi = {10.1002/2016EF000368},
issn = {2328-4277},
journal = {Earth's Future},
number = {7},
pages = {306--322},
title = {{Revisiting Extreme Storms of the Past 100 Years for Future Safety of Large Water Management Infrastructures}},
volume = {4},
year = {2016}
}

@article{Chen2017,
annote = {doi: 10.1061/(ASCE)HE.1943-5584.0001523},
author = {Chen, Xiaodong and Hossain, Faisal and Leung, L Ruby},
doi = {10.1061/(ASCE)HE.1943-5584.0001523},
journal = {Journal of Hydrologic Engineering},
month = {apr},
number = {8},
pages = {04017016},
publisher = {American Society of Civil Engineers},
title = {{Establishing a Numerical Modeling Framework for Hydrologic Engineering Analyses of Extreme Storm Events}},
volume = {22},
year = {2017}
}

@article {WRCR:WRCR22987,
author = {Chen, Xiaodong and Hossain, Faisal and Leung, L. Ruby},
title = {Probable Maximum Precipitation in the U.S. Pacific Northwest in a Changing Climate},
journal = {Water Resources Research},
issn = {1944-7973},
doi = {10.1002/2017WR021094},
}

@article{Cheng2014a,
author = {Cheng, Linyin and AghaKouchak, Amir},
doi = {10.1038/srep07093},
journal = {Scientific Reports},
month = {nov},
pages = {7093},
publisher = {The Author(s)},
title = {{Nonstationary Precipitation Intensity-Duration-Frequency Curves for Infrastructure Design in a Changing Climate}},
volume = {4},
year = {2014}
}

@article{Cheng2014,
author = {Cheng, Linyin and AghaKouchak, Amir and Gilleland, Eric and Katz, Richard W},
doi = {10.1007/s10584-014-1254-5},
issn = {1573-1480},
journal = {Climatic Change},
number = {2},
pages = {353--369},
title = {{Non-stationary extreme value analysis in a changing climate}},
url = {10.1007/s10584-014-1254-5},
volume = {127},
year = {2014}
}

@article{Clark2017,
author = {Clark, M P and Bierkens, M F P and Samaniego, L and Woods, R A and Uijlenhoet, R and Bennett, K E and Pauwels, V R N and Cai, X and Wood, A W and Peters-Lidard, C D},
doi = {10.5194/hess-21-3427-2017},
journal = {Hydrology and Earth System Sciences},
number = {7},
pages = {3427--3440},
title = {{The evolution of process-based hydrologic models: historical challenges and the collective quest for physical realism}},
volume = {21},
year = {2017}
}

@inproceedings{Cohen2004,
author = {Cohen, Mark and Artz, Richard and Draxler, Roland and Miller, Paul and Poissant, Laurier and Niemi, David and Ratt{\'{e}}, Dominique and Deslauriers, Marc and Duval, Roch and Laurin, Rachelle and Slotnick, Jennifer and Nettesheim, Todd and McDonald, John},
booktitle = {Environmental Research},
doi = {10.1016/j.envres.2003.11.007},
issn = {00139351},
number = {3},
pages = {247--265},
pmid = {15220060},
title = {{Modeling the atmospheric transport and deposition of mercury to the Great Lakes}},
volume = {95},
year = {2004}
}

@article{Compo2011,
author = {Compo, G. P. and Whitaker, J. S. and Sardeshmukh, P. D. and Matsui, N. and Allan, R. J. and Yin, X. and Gleason, B. E. and Vose, R. S. and Rutledge, G. and Bessemoulin, P. and BroNnimann, S. and Brunet, M. and Crouthamel, R. I. and Grant, A. N. and Groisman, P. Y. and Jones, P. D. and Kruk, M. C. and Kruger, A. C. and Marshall, G. J. and Maugeri, M. and Mok, H. Y. and Nordli, O. and Ross, T. F. and Trigo, R. M. and Wang, X. L. and Woodruff, S. D. and Worley, S. J.},
doi = {10.1002/qj.776},
isbn = {0035-9009},
issn = {00359009},
journal = {Quarterly Journal of the Royal Meteorological Society},
number = {654},
pages = {1--28},
title = {{The Twentieth Century Reanalysis Project}},
volume = {137},
year = {2011}
}

@article{Cong2006,
author = {Cong, Xiangyu and Ni, Guangheng and Hui, Shibo and Tian, Fuqiang and Zhang, Tong},
journal = {Water Resources and Hydropower Engineering},
number = {4},
pages = {64--67},
title = {{Simulative analysis on storm flood in typical urban region of Beijing based on SWMM}},
volume = {37},
year = {2006}
}

@article{Cook2010,
author = {Cook, Kerry H. and Vizy, Edward K.},
doi = {10.1175/2009JCLI3210.1},
isbn = {0894-8755$\backslash$r1520-0442},
issn = {08948755},
journal = {Journal of Climate},
number = {6},
pages = {1477--1494},
title = {{Hydrodynamics of the Caribbean low-level jet and its relationship to precipitation}},
volume = {23},
year = {2010}
}

@article{Dai2000,
author = {Dai, Aiguo},
doi = {10.1175/1520-0442(2001)014<1112:GPATFP>2.0.CO;2},
journal = {Journal of Climate},
pages = {1112--1128},
title = {{Global Precipitation and Thunderstorm Frequencies . Part II : Diurnal Variations}},
volume = {14},
year = {2000}
}

@article{Dai2000a,
author = {Dai, Aiguo},
doi = {10.1175/1520-0442(2001)014<1092:GPATFP>2.0.CO;2},
journal = {Journal of Climate},
pages = {1092--1111},
title = {{Global Precipitation and Thunderstorm Frequencies . Part I : Seasonal and Interannual Variations}},
volume = {14},
year = {2000}
}

@article{Dai2000b,
author = {Dai, Aiguo and Wigley, T. M. L.},
doi = {10.1029/1999GL011140},
journal = {Geophysical Research Letters},
number = {9},
pages = {1283--1286},
title = {{Global Patterns of ENSO-induced Precipitation}},
volume = {27},
year = {2000}
}

@article{Daly1994,
author = {Daly, Christopher and Neilson, Ronald P and Phillips, Donald L},
doi = {10.1175/1520-0450(1994)033<0140:ASTMFM>2.0.CO;2},
isbn = {0894-8763},
issn = {0894-8763},
journal = {Journal of Applied Meteorology},
number = {May 2016},
pages = {140--158},
pmid = {1669},
title = {{A statistical-topographic model for mapping climatological precipitation over mountainous terrain}},
volume = {33},
year = {1994}
}

@article{Davies2013,
author = {Davies, L. and Jakob, C. and May, P. and Kumar, V. V. and Xie, S.},
doi = {10.1002/jgrd.50645},
issn = {2169897X},
journal = {Journal of Geophysical Research},
month = {oct},
number = {D20},
pages = {11,534--11,545},
title = {{Relationships between the large-scale atmosphere and the small-scale convective state for Darwin, Australia}},
volume = {118},
year = {2013}
}

@article{Dee2011,
author = {Dee, D. P. and Uppala, S. M. and Simmons, A. J. and Berrisford, P. and Poli, P. and Kobayashi, S. and Andrae, U. and Balmaseda, M. A. and Balsamo, G. and Bauer, P. and Bechtold, P. and Beljaars, A. C. M. and van de Berg, L. and Bidlot, J. and Bormann, N. and Delsol, C. and Dragani, R. and Fuentes, M. and Geer, A. J. and Haimberger, L. and Healy, S. B. and Hersbach, H. and H{\'{o}}lm, E. V. and Isaksen, L. and K{\aa}llberg, P. and K{\"{o}}hler, M. and Matricardi, M. and McNally, A. P. and Monge-Sanz, B. M. and Morcrette, J.-J. and Park, B.-K. and Peubey, C. and de Rosnay, P. and Tavolato, C. and Th{\'{e}}paut, J.-N. and Vitart, F.},
doi = {10.1002/qj.828},
issn = {00359009},
journal = {Quarterly Journal of the Royal Meteorological Society},
month = {apr},
number = {656},
pages = {553--597},
title = {{The ERA-Interim reanalysis: configuration and performance of the data assimilation system}},
volume = {137},
year = {2011}
}

@article{DelGenio2005,
author = {{Del Genio}, Anthony D. and Kovari, William and Yao, Mao Sung and Jonas, Jeffrey},
doi = {10.1175/JCLI3413.1},
issn = {08948755},
journal = {Journal of Climate},
number = {13},
pages = {2376--2387},
title = {{Cumulus microphysics and climate sensitivity}},
volume = {18},
year = {2005}
}

@article{JAWR:JAWR546,
author = {Dettinger, Michael},
doi = {10.1111/j.1752-1688.2011.00546.x},
issn = {1752-1688},
journal = {JAWRA Journal of the American Water Resources Association},
number = {3},
pages = {514--523},
publisher = {Blackwell Publishing Ltd},
title = {{Climate Change, Atmospheric Rivers, and Floods in California – A Multimodel Analysis of Storm Frequency and Magnitude Changes1}},
volume = {47},
year = {2011}
}

@article{Di2014,
author = {Di, Zhenhua and Duan, Qingyun and Gong, Wei and Wang, Chen and Gan, Yanjun and Quan, Jiping and Li, Jianduo and Miao, Chiyuan and Ye, Aizhong and Tong, Charles},
doi = {10.1002/2014GL061623},
journal = {Geophysical Research Letters},
pages = {579--587},
title = {{Assessing WRF model parameter sensitivity: A case study with 5 day summer precipitation forecasting in the Greater Beijing Area}},
volume = {42},
year = {2014}
}

@article{Dominguez2012,
author = {Dominguez, F. and Rivera, E. and Lettenmaier, Dennis P. and Castro, C. L.},
doi = {10.1029/2011GL050762},
isbn = {0094-8276},
issn = {00948276},
journal = {Geophysical Research Letters},
number = {5},
pages = {1--7},
title = {{Changes in winter precipitation extremes for the western United States under a warmer climate as simulated by regional climate models}},
volume = {39},
year = {2012}
}

@article{Donner2003,
author = {Donner, Leo J. and Phillips, Vaughan T.},
doi = {10.1029/2003JD003773},
issn = {2156-2202},
journal = {Journal of Geophysical Research},
number = {D22},
pages = {4701},
title = {{Boundary layer control on convective available potential energy: Implications for cumulus parameterization}},
volume = {108},
year = {2003}
}

@article{Douglas2003,
author = {Douglas, E M and Barros, A P},
doi = {10.1175/1525-7541(2003)004<1012:PMPEUM>2.0.CO;2},
isbn = {1525-755X},
issn = {1525-755X},
journal = {Journal of Hydrometeorology},
number = {6},
pages = {1012--1024},
title = {{Probable maximum precipitation estimation using multifractals: Application in the eastern United States}},
volume = {4},
year = {2003}
}

@article{Douglas2006,
author = {Douglas, Ellen M. and Niyogi, Dev and Frolking, S. and Yeluripati, J. B. and Pielke, Roger A. and Niyogi, Nivedita and V{\"{o}}r{\"{o}}smarty, C. J. and Mohanty, U. C.},
doi = {10.1029/2006GL026550},
isbn = {1944-8007},
issn = {00948276},
journal = {Geophysical Research Letters},
number = {14},
pages = {1--5},
title = {{Changes in moisture and energy fluxes due to agricultural land use and irrigation in the Indian Monsoon Belt}},
volume = {33},
year = {2006}
}

@book{Draxler1997,
author = {Draxler, R R and Hess, G D},
booktitle = {Techreport},
doi = {Tech. Memo. ERL ARL-224},
pages = {24pp},
title = {{Description of the HYSPLIT4 modeling system}},
year = {1997}
}

@article{Draxler2012,
author = {Draxler, Roland R. and Rolph, Glenn D.},
doi = {10.1029/2011JD017205},
isbn = {0148-0227},
issn = {01480227},
journal = {Journal of Geophysical Research Atmospheres},
number = {5},
title = {{Evaluation of the Transfer Coefficient Matrix (TCM) approach to model the atmospheric radionuclide air concentrations from Fukushima}},
volume = {117},
year = {2012}
}

@article{Draxler1998,
author = {Draxler, Roland R and Hess, G D},
isbn = {0004-9743},
issn = {0004-9743},
journal = {Australian Meteorological Magazine},
pages = {295--308},
title = {{An Overview of the HYSPLIT{\_}4 Modelling System for Trajectories, Dispersion, and Deposition}},
volume = {47},
year = {1998}
}

@book{draxler1999hysplit,
author = {Draxler, Roland R and Spayd, LeRoy E},
publisher = {US Department of Commerce, National Oceanic and Atmospheric Administration, National Weather Service, Office of Meteorology, Science Division},
title = {{HYSPLIT Radiological Transport and Dispersion Model Implementation on NCEP Cray}},
year = {1999}
}

@article{Ducrocq2014,
author = {Ducrocq, V{\'{e}}ronique and Braud, Isabelle and Davolio, Silvio and Ferretti, Rossella and Flamant, Cyrille and Jansa, Agustin and Kalthoff, Norbert and Richard, Evelyne and Taupier-Letage, Isabelle and Ayral, Pierre Alain and Belamari, Sophie and Berne, Alexis and Borga, Marco and Boudevillain, Brice and Bock, Olivier and Boichard, Jean Luc and Bouin, Marie-No{\"{e}}lle and Bousquet, Olivier and Bouvier, Christophe and Chiggiato, Jacopo and Cimini, Domenico and Corsmeier, Ulrich and Coppola, Laurent and Cocquerez, Philippe and Defer, Eric and Delano{\"{e}}, Julien and {Di Girolamo}, Paolo and Doerenbecher, Alexis and Drobinski, Philippe and Dufournet, Yann and Fourri{\'{e}}, Nadia and Gourley, Jonathan J. and Labatut, Laurent and Lambert, Dominique and {Le Coz}, J{\'{e}}r{\^{o}}me and Marzano, Frank S. and Molini{\'{e}}, Gilles and Montani, Andrea and Nord, Guillaume and Nuret, Mathieu and Ramage, Karim and Rison, William and Roussot, Odile and Said, Fr{\'{e}}d{\'{e}}rique and Schwarzenboeck, Alfons and Testor, Pierre and {Van Baelen}, Jo{\"{e}}l and Vincendon, B{\'{e}}atrice and Aran, Montserrat and Tamayo, Jorge},
doi = {10.1175/BAMS-D-12-00244.1},
issn = {00030007},
journal = {Bulletin of the American Meteorological Society},
number = {7},
pages = {1083--1100},
title = {{HyMeX-SOP1: The field campaign dedicated to heavy precipitation and flash flooding in the northwestern mediterranean}},
volume = {95},
year = {2014}
}

@article{Durkee2012,
author = {Durkee, Joshua D. and Campbell, Lee and Berry, Kyle and Jordan, Dustin and Goodrich, Gregory and Mahmood, Rezaul and Foster, Stuart},
doi = {10.1175/BAMS-D-11-00076.1},
isbn = {i1520-0477-93-5-611},
issn = {00030007},
journal = {Bulletin of the American Meteorological Society},
number = {5},
pages = {611--620},
title = {{A synoptic perspective of the record 1-2 May 2010 mid-south heavy precipitation event}},
volume = {93},
year = {2012}
}

@techreport{Ellen1988,
author = {Ellen, Stephen D and Wieczorek, Gerald F},
booktitle = {Professional Paper},
edition = {Version 1.},
isbn = {1434},
language = {ENGLISH},
title = {{Landslides, Floods, and Marine Effects of the Storm of January 3-5, 1982, in the San Francisco Bay Region, California}},
year = {1988}
}

@article{Emanuel2013,
author = {Emanuel, Kerry A.},
doi = {10.1073/pnas.1301293110},
isbn = {1091-6490 (Electronic)$\backslash$r0027-8424 (Linking)},
issn = {0027-8424},
journal = {Proceedings of the National Academy of Sciences of the United States of America},
number = {30},
pages = {12219--12224},
pmid = {23836646},
title = {{Downscaling CMIP5 climate models shows increased tropical cyclone activity over the 21st century}},
volume = {110},
year = {2013}
}

@article{Evans2000,
author = {Evans, J E and Mackey, S D and Gottgens, J F and Gill, W M},
isbn = {0030-0950},
issn = {0030-0950},
journal = {Ohio Journal of Science},
number = {5},
pages = {121--131},
title = {{Lessons from a Dam failure}},
volume = {100},
year = {2000}
}

@article{Ferguson2012,
author = {Ferguson, Craig R. and Villarini, Gabriele},
doi = {10.1029/2011JD016988},
issn = {01480227},
journal = {Journal of Geophysical Research},
number = {5},
pages = {1--11},
title = {{Detecting inhomogeneities in the Twentieth Century Reanalysis over the central United States}},
volume = {117},
year = {2012}
}

@article{Fitzhugh2011,
author = {Fitzhugh, Thomas W. and Vogel, Richard M.},
doi = {10.1002/rra.1417},
isbn = {1535-1467},
issn = {15351459},
journal = {River Research and Applications},
number = {10},
pages = {1192--1215},
title = {{The impact of dams on flood flows in the United States}},
volume = {27},
year = {2011}
}

@article{Fowler1995,
author = {Fowler, A M and Hennessy, K J},
doi = {10.1007/BF00613411},
journal = {Natural Hazards},
number = {3},
pages = {283--303},
publisher = {Springer},
title = {{Potential impacts of global warming on the frequency and magnitude of heavy precipitation}},
volume = {11},
year = {1995}
}

@article{Frank1988,
author = {Frank, Walter},
journal = {Civil Engineering-ASCE},
number = {5},
pages = {63--66},
publisher = {ASCE},
title = {{The cause of the Johnstown flood}},
volume = {58},
year = {1988}
}

@article{Gaal2014,
author = {Ga{\'{a}}l, L. and Molnar, P. and Szolgay, J.},
doi = {10.5194/hess-18-1561-2014},
isbn = {1812-2116},
issn = {16077938},
journal = {Hydrology and Earth System Sciences},
number = {5},
pages = {1561--1573},
title = {{Selection of intense rainfall events based on intensity thresholds and lightning data in Switzerland}},
volume = {18},
year = {2014}
}

@article{Gangoiti2011,
author = {Gangoiti, G. and G{\'{o}}mez-Domenech, I. and {S{\'{a}}ez de C{\'{a}}mara}, E. and Alonso, L. and Navazo, M. and Iza, J. and Garc{\'{i}}a, J. A. and Ilardia, J. L. and Mill{\'{a}}n, M. M.},
doi = {10.1029/2010JD015538},
issn = {2156-2202},
journal = {Journal of Geophysical Research},
number = {D2},
pages = {1--16},
title = {{Origin of the water vapor responsible for the European extreme rainfalls of August 2002: 2. A new methodology to evaluate evaporative moisture sources, applied to the August 11-13 central European rainfall episode}},
volume = {116},
year = {2011}
}

@article{Gao2016M,
author = {Gao, Meng and Mo, Dingyuan and Wu, Xiaoqing},
doi = {http://doi.org/10.1016/j.atmosres.2016.07.014},
issn = {0169-8095},
journal = {Atmospheric Research},
pages = {1--9},
title = {{Nonstationary modeling of extreme precipitation in China}},
volume = {182},
year = {2016}
}

@article{Gao2016Y,
annote = {2015GL065435},
author = {Gao, Yang and Lu, Jian and Leung, L Ruby and Yang, Qing and Hagos, Samson and Qian, Yun},
doi = {10.1002/2015GL065435},
issn = {1944-8007},
journal = {Geophysical Research Letters},
number = {17},
pages = {7179--7186},
title = {{Dynamical and thermodynamical modulations on future changes of landfalling atmospheric rivers over western North America}},
volume = {42},
year = {2015}
}

@incollection{Gershunov2013,
author = {Gershunov, Alexander and Rajagopalan, Balaji and Overpeck, Jonathan and Guirguis, Kristen and Cayan, Dan and Hughes, Mimi and Dettinger, Michael and Castro, Chris and Schwartz, Rachel E and Anderson, Michael and Ray, Andrea J. and Barsugli, Joe and Cavazos, Tereza and Alexander, Michael and Dominguez, Francina},
booktitle = {Assessment of Climate Change in the Southwest United Statesal Climate Assessment},
chapter = {7},
doi = {10.5822/978-1-61091-484-0_7},
editor = {Garfin, Gregg and Jardine, Angela and Merideth, Robert and Black, Mary and LeRoy, Sarah},
isbn = {978-1-61091-484-0},
pages = {126--147},
publisher = {Island Press/Center for Resource Economics},
title = {{Future climate: projected extremes}},
year = {2013}
}

@article{Giannaros2016,
author = {Giannaros, Theodore M. and Kotroni, Vassiliki and Lagouvardos, Konstantinos},
doi = {10.1016/j.envsoft.2015.11.017},
issn = {13648152},
journal = {Environmental Modelling and Software},
pages = {54--68},
title = {{WRF-LTNGDA: A lightning data assimilation technique implemented in the WRF model for improving precipitation forecasts}},
volume = {76},
year = {2016}
}

@article{Giese2010,
author = {Giese, Benjamin S. and Compo, Gilbert P. and Slowey, Niall C. and Sardeshmukh, Prashant D. and Carton, James A. and Ray, Sulagna and Whitaker, Jeffrey S.},
doi = {10.1175/2009BAMS2903.1},
isbn = {0003-0007},
issn = {00030007},
journal = {Bulletin of the American Meteorological Society},
number = {2},
pages = {177--183},
title = {{The 1918/19 El Ni{\~{n}}o}},
volume = {91},
year = {2010}
}

@article{Graf2010,
author = {Graf, William L. and Wohl, Ellen and Sinha, Tushar and Sabo, John L.},
doi = {10.1029/2009WR008836},
isbn = {0043-1397},
issn = {00431397},
journal = {Water Resources Research},
number = {12},
title = {{Sedimentation and sustainability of western American reservoirs}},
volume = {46},
year = {2010}
}

@book{graziani1998real,
author = {Graziani, Giovanni and Klug, W and Mosca, S},
isbn = {92-828-3657-6},
pages = {216},
publisher = {European Commission Joint Research Centre},
title = {{Real-time long-range dispersion model evaluation of the ETEX first release}},
year = {1998}
}

@article{acp-14-5233-2014,
author = {Grell, G A and Freitas, S R},
doi = {10.5194/acp-14-5233-2014},
journal = {Atmospheric Chemistry and Physics},
number = {10},
pages = {5233--5250},
title = {{A scale and aerosol aware stochastic convective parameterization for weather and air quality modeling}},
volume = {14},
year = {2014}
}

@book{grigg1996water,
address = {New York},
author = {Grigg, Neil S},
booktitle = {Water Encyclopedia},
doi = {10.1002/047147844X.wr241},
pages = {2:586--587},
publisher = {McGraw-Hill},
title = {{Water resources management}},
year = {1996}
}

@article{Guan2010,
author = {Guan, Bin and Molotch, Noah P and Waliser, Duane E and Fetzer, Eric J and Neiman, Paul J},
doi = {10.1029/2010GL044696},
issn = {1944-8007},
journal = {Geophysical Research Letters},
number = {20},
pages = {n/a----n/a},
title = {{Extreme snowfall events linked to atmospheric rivers and surface air temperature via satellite measurements}},
volume = {37},
year = {2010}
}

@article{Guiot2016,
author = {Guiot, Joel and Cramer, Wolfgang},
doi = {10.1126/science.aah5015},
issn = {0036-8075},
journal = {Science},
number = {6311},
pages = {465--468},
title = {{Climate change , the Paris Agreement thresholds and Mediterranean ecosystems}},
volume = {354},
year = {2016}
}

@article{Guo2017,
author = {Guo, Junhong and Huang, Guohe and Wang, Xiuquan and Li, Yongping and Lin, Qianguo},
doi = {10.1002/2016EF000433},
issn = {2328-4277},
journal = {Earth's Future},
number = {3},
pages = {285--303},
publisher = {Wiley Periodicals, Inc.},
title = {{Investigating future precipitation changes over China through a high-resolution regional climate model ensemble}},
volume = {5},
year = {2017}
}

@article{Hagedorn2008,
author = {Hagedorn, Renate and Hamill, Thomas M. and Whitaker, Jeffrey S. and Hagedorn, Renate and Whitaker, Jeffrey S. and Hamill, Thomas M. and Whitaker, Jeffrey S.},
doi = {10.1175/2007MWR2410.1},
isbn = {0027-0644},
issn = {0027-0644},
journal = {Monthly Weather Review},
number = {7},
pages = {2608--2619},
title = {{Probabilistic Forecast Calibration Using ECMWF and GFS Ensemble Reforecasts. Part II: Precipitation}},
volume = {136},
year = {2008}
}

@article{Hagos2016,
author = {Hagos, Samson M and Leung, L Ruby and Yoon, Jin-ho and Lu, Jian and Gao, Yang},
doi = {10.1002/2015GL067392},
journal = {Geophysical Research Letters},
pages = {1--7},
title = {{A projection of changes in landfalling atmospheric river frequency and extreme precipitation over western North America from the Large Ensemble CESM simulations}},
volume = {43},
year = {2016}
}

@article{Hand2004,
author = {Hand, W.H. and Fox, N.I. and Collier, C.G.},
doi = {10.1017/S1350482703001117},
isbn = {1350-4827},
issn = {1350-4827},
journal = {Meteorological Applications},
pages = {15--31},
title = {{A study of twentieth-century extreme rainfall events in the United Kingdom with implications for forecasting}},
volume = {11},
year = {2004}
}

@article{Jones2010,
author = {{Hardwick Jones}, Rhys and Westra, Seth and Sharma, Ashish},
doi = {10.1029/2010GL045081},
isbn = {0094-8276},
issn = {00948276},
journal = {Geophysical Research Letters},
number = {22},
pages = {1--5},
title = {{Observed relationships between extreme sub-daily precipitation, surface temperature, and relative humidity}},
volume = {37},
year = {2010}
}

@article{Hasan2014,
author = {Hasan, Alfi},
institution = {Bangladesh University of Engineering and Technology},
publisher = {Institute of Water and Flood Management},
title = {{Improvement of heavy rainfall forecast using weather research and forecasting (WRF) model}},
year = {2014}
}

@article{He2016,
author = {He, Xiaogang and Chaney, Nathaniel W and Schleiss, Marc and Sheffield, Justin},
doi = {10.1002/2016WR019034},
journal = {Water Resources Research},
number = {10},
pages = {8217--8237},
title = {{Spatial Downscaling of Precipitation using Adaptable Random Forests}},
volume = {52},
year = {2016}
}

@article{Held2006,
author = {Held, Isaac M and Soden, Brian J},
doi = {10.1175/JCLI3990.1},
journal = {Journal of Climate},
number = {21},
pages = {5686--5699},
title = {{Robust Responses of the Hydrological Cycle to Global Warming}},
volume = {19},
year = {2006}
}

@misc{Henn2016,
author = {Henn, Brian and Clark, Martyn P. and Kavetski, Dmitri and Newman, Andrew J. and Hughes, Mimi and McGurk, Bruce and Lundquist, Jessica D.},
booktitle = {Journal of Hydrology},
doi = {10.1016/j.jhydrol.2016.08.009},
isbn = {0022-1694},
issn = {00221694},
title = {{Spatiotemporal patterns of precipitation inferred from streamflow observations across the Sierra Nevada mountain range}},
year = {2016}
}

@article{Hershfield1965,
author = {Hershfield, David M},
issn = {0003150X, 15518833},
journal = {Journal (American Water Works Association)},
number = {8},
pages = {965--972},
publisher = {American Water Works Association},
title = {{Method for Estimating Probable Maximum Rainfall}},
volume = {57},
year = {1965}
}

@book{Hess1997,
address = {Luxembourg},
author = {Hess, G D and Mills, G A and Draxler, R R},
publisher = {Office for Official Publications of the European Communities},
title = {{Comparison of HYSPLIT-4 model simulations of the ETEX data, using meteorological input data of differing spatial and temporal resolution}},
year = {1997}
}

@article{Hossain2012,
author = {Hossain, Faisal and Degu, Ahmed M. and Yigzaw, Wondmagegn and Burian, Steve and Niyogi, Dev and Shepherd, James Marshall and {Pielke Sr}, Roger},
doi = {10.1061/(ASCE)HE.1943-5584.0000541},
journal = {Journal of Hydrologic Engineering},
number = {August},
pages = {837--850},
title = {{Climate Feedback–Based Provisions for Dam Design, Operations, and Water Management in the 21st Century}},
volume = {17},
year = {2012}
}

@article{Hossain2011,
author = {Hossain, Faisal and Niyogi, Dev and Adegoke, Jimmy and Kallos, George and Pielke, Roger},
doi = {10.1029/2011EO170005},
journal = {Eos},
number = {17},
pages = {144--145},
title = {{Making sense of the water resources that will be available for future use}},
volume = {90},
year = {2011}
}

@article{Hu1983,
author = {Hu, Zhijin and Yan, Caifan and Wang, Yubin},
journal = {Acta Meteorologica Sinica},
pages = {79--88},
title = {{Numerical simulation of rain and seeding processes in warm layer clouds}},
volume = {41},
year = {1983}
}

@article{Huang2015,
author = {Huang, Yongjie and Cui, Xiaopeng},
doi = {10.1002/asl2.562},
issn = {1530-261X},
journal = {Atmospheric Science Letters},
number = {2},
pages = {177--183},
publisher = {John Wiley {\&} Sons, Ltd},
title = {{Moisture sources of an extreme precipitation event in Sichuan, China, based on the Lagrangian method}},
volume = {16},
year = {2015}
}

@article{Hulme1998,
author = {Hulme, Mike and Osborn, Timothy J. and Johns, Timothy C.},
doi = {10.1029/98GL02562},
isbn = {0094-8276},
issn = {0094-8276},
journal = {Geophysical Research Letters},
number = {17},
pages = {3379},
title = {{Precipitation sensitivity to global warming: Comparison of observations with HadCM2 simulations}},
volume = {25},
year = {1998}
}

@article{Huschke1959,
address = {Boston},
author = {Huschke, Ralph E},
publisher = {American Meteorological Society},
title = {{Glossary of meteorology}},
year = {1959}
}

@book{IPCC2013,
author = {{Intergovernmental Panel on Climate Change} and Stocker, Thomas F. and Qin, Dahe and Plattner, Gian-Kasper and Tignor, Melinda M.B. and Allen, Simon K. and Boschung, Judith and Nauels, Alexander and Xia, Yu and Bex, Vincent and Midgley, Pauline M.},
booktitle = {Intergovernmental Panel on Climate Change},
doi = {10.1038/446727a},
isbn = {978-92-9169-138-8},
issn = {1476-4687},
pages = {222},
pmid = {17429376},
title = {{Climate Change 2013 - The Physical Science Basis}},
year = {2013}
}

@article{IPCC2001,
author = {IPCC},
doi = {10.1256/004316502320517344},
isbn = {9780521014953},
issn = {00431656},
journal = {Weather},
pages = {267--269},
title = {{Climate change 2001: The scientific basis. Contribution of Working Group I to the Third Assessment Report of the Intergovernmental Panel on Climate Change}},
volume = {57},
year = {2001}
}

@article{Ishida2015,
author = {Ishida, K and Kavvas, M L and Asce, F and Jang, S and Chen, ZQ and Asce, A M and Ohara, N and Asce, A M and Anderson, M L and Asce, A M},
doi = {10.1061/(ASCE)HE.1943-5584.0001026.},
journal = {Journal of Hydrologic Engineering},
number = {4},
title = {{Physically Based Estimation of Maximum Precipitation over Three Watersheds in Northern California : Atmospheric Boundary Condition Shifting}},
volume = {20},
year = {2015}
}

@article{Ivancic2016,
author = {Ivancic, Timothy J and Shaw, Stephen B},
doi = {10.1002/2015JD024288},
issn = {2169-8996},
journal = {Journal of Geophysical Research: Atmospheres},
number = {7},
pages = {3066--3078},
title = {{A U.S.-based analysis of the ability of the Clausius-Clapeyron relationship to explain changes in extreme rainfall with changing temperature}},
volume = {121},
year = {2016}
}

@article{Jansa2000,
author = {Jansa, A and Genoves, Ana and Garcia-moya, Jose A},
doi = {10.1017/S1350482700001663},
issn = {13504827},
journal = {Meteorological Applications},
number = {4},
pages = {323--333},
title = {{Western Mediterranean cyclones and heavy rain . Part 1 : Numerical experiment concerning the Piedmont flood case}},
volume = {7},
year = {2000}
}

@article{Janssen2014,
author = {Janssen, Emily and Wuebbles, Donald J and Kunkel, Kenneth E and Olsen, Seth C and Goodman, Alex},
doi = {10.1002/2013EF000185},
issn = {2328-4277},
journal = {Earth's Future},
number = {2},
pages = {99--113},
publisher = {Wiley Periodicals, Inc.},
title = {{Observational- and model-based trends and projections of extreme precipitation over the contiguous United States}},
volume = {2},
year = {2014}
}

@article{Kalnay1996,
author = {Kalnay, E. and Kanamitsu, M. and Kistler, R. and Collins, W. and Deaven, D. and Gandin, L. and Iredell, M. and Saha, S. and White, G. and Woollen, J. and Zhu, Y. and Chelliah, M. and Ebisuzaki, W. and Higgins, W. and Janowiak, J. and Mo, K. C. and Ropelewski, C. and Wang, J. and Leetmaa, A. and Reynolds, R. and Jenne, Roy and Joseph, Dennis},
doi = {10.1175/1520-0477(1996)077<0437:TNYRP>2.0.CO;2},
isbn = {0003-0007},
issn = {00030007},
journal = {Bulletin of the American Meteorological Society},
number = {3},
pages = {437--471},
pmid = {25246403},
title = {{The NCEP/NCAR 40-year reanalysis project}},
volume = {77},
year = {1996}
}

@article{Kanamitsu2002,
author = {Kanamitsu, Masao and Ebisuzaki, Wesley and Woollen, Jack and Yang, Shi Keng and Hnilo, J. J. and Fiorino, M. and Potter, G. L.},
doi = {10.1175/BAMS-83-11-1631},
isbn = {00030007},
issn = {00030007},
journal = {Bulletin of the American Meteorological Society},
number = {11},
pages = {1631--1643+1559},
pmid = {8558733},
title = {{NCEP-DOE AMIP-II reanalysis (R-2)}},
volume = {83},
year = {2002}
}

@article{Kato1998,
author = {Kato, T.},
issn = {0026-1165},
journal = {Journal of the Meteorological Society of Japan},
language = {eng},
number = {1},
pages = {97--128},
publisher = {Meteorological Society of Japan},
title = {{Numerical simulation of the band-shaped torrential rain observed over Southern Kyushu, Japan on 1 August 1993}},
volume = {76},
year = {1998}
}

@article{Kelly2016,
author = {Kelly, Charlene N and Mcguire, Kevin J and Miniat, Chelcy Ford and Vose, James M},
doi = {10.1002/2016GL068058},
journal = {Geophysical Research Letters},
pages = {1--10},
title = {{Streamflow response to increasing precipitation extremes altered by forest management}},
volume = {43},
year = {2016}
}

@article{Kharin2013a,
author = {Kharin, V V and Zwiers, F W and Zhang, X and Wehner, M},
doi = {10.1007/s10584-013-0705-8},
issn = {1573-1480},
journal = {Climatic Change},
number = {2},
pages = {345--357},
title = {{Changes in temperature and precipitation extremes in the CMIP5 ensemble}},
volume = {119},
year = {2013}
}

@article{Kong2015,
annote = {doi: 10.3878/AOSL20140099},
author = {Kong, Xianghui and Bi, Xunqiang},
doi = {10.3878/AOSL20140099},
issn = {1674-2834},
journal = {Atmospheric and Oceanic Science Letters},
month = {jan},
number = {3},
pages = {166--173},
publisher = {Taylor {\&} Francis},
title = {{Dynamical Downscaling of the Twentieth Century Reanalysis for China: Climatic Means during 1981–2010}},
volume = {8},
year = {2015}
}

@article{Kumar2008,
author = {Kumar, A and Dudhia, J and Rotunno, R and Niyogi, D and Mohanty, U C},
doi = {10.1002/qj.325},
isbn = {0035-9009},
journal = {Quarterly Journal of the Royal Meteorological Society},
number = {636},
pages = {1897--1910},
title = {{Analysis of the 26 July 2005 heavy rain event over Mumbai, India using the Weather Research and Forecasting (WRF) model}},
volume = {134},
year = {2008}
}

@article{Kumar2014,
author = {Kumar, Sanjiv and Lawrence, David M and Dirmeyer, Paul A and Sheffield, Justin},
doi = {10.1002/2013EF000159},
issn = {2328-4277},
journal = {Earth's Future},
number = {3},
pages = {152--160},
publisher = {Wiley Periodicals, Inc.},
title = {{Less reliable water availability in the 21st century climate projections}},
volume = {2},
year = {2014}
}

@article{Kunkel2013Ka,
author = {Kunkel, Kenneth E. and Karl, Thomas R. and Brooks, Harold and Kossin, James and Lawrimore, Jay H. and Arndt, Derek and Bosart, Lance and Changnon, David and Cutter, Susan L. and Doesken, Nolan and Emanuel, Kerry and Groisman, Pavel Ya and Katz, Richard W. and Knutson, Thomas and O'brien, James and Paciorek, Christopher J. and Peterson, Thomas C. and Redmond, Kelly and Robinson, David and Trapp, Jeff and Vose, Russell and Weaver, Scott and Wehner, Michael and Wolter, Klaus and Wuebbles, Donald},
doi = {10.1175/BAMS-D-11-00262.1},
isbn = {0003-0007},
issn = {00030007},
journal = {Bulletin of the American Meteorological Society},
number = {4},
pages = {499--514},
title = {{Monitoring and understanding trends in extreme storms: State of knowledge}},
volume = {94},
year = {2013}
}

@article{Kunkel2013Kb,
author = {Kunkel, Kenneth E. and Karl, Thomas R. and Easterling, David R. and Redmond, Kelly and Young, John and Yin, Xungang and Hennon, Paula},
doi = {10.1002/grl.50334},
isbn = {1944-8007},
issn = {00948276},
journal = {Geophysical Research Letters},
number = {7},
pages = {1402--1408},
title = {{Probable maximum precipitation and climate change}},
volume = {40},
year = {2013}
}

@article{Lafon2013,
author = {Lafon, Thomas and Dadson, Simon and Buys, Gwen and Prudhomme, Christel},
doi = {10.1002/joc.3518},
isbn = {1097-0088},
issn = {08998418},
journal = {International Journal of Climatology},
number = {6},
pages = {1367--1381},
title = {{Bias correction of daily precipitation simulated by a regional climate model: A comparison of methods}},
volume = {33},
year = {2013}
}

@article{Lan2016,
author = {Lan, Chia-Wei and Lo, Min-Hui and Chou, Chia and Kumar, Sanjiv},
doi = {10.1002/2015EF000350},
issn = {2328-4277},
journal = {Earth's Future},
number = {5},
pages = {210--224},
publisher = {Wiley Periodicals, Inc.},
title = {{Terrestrial water flux responses to global warming in tropical rainforest areas}},
volume = {4},
year = {2016}
}

@inproceedings{Lane2013,
address = {Washington, DC},
author = {Lane, Nic},
booktitle = {CRS Report for Congress},
organization = {Congressional Research Service},
title = {{Aging infrastructure: Dam safety}},
year = {2013}
}

@misc{Lanicci1987,
author = {Lanicci, John M. and Carlson, Toby N. and Warner, Thomas T.},
booktitle = {Monthly Weather Review},
doi = {10.1175/1520-0493(1987)115<2660:SOTGPS>2.0.CO;2},
issn = {0027-0644},
number = {11},
pages = {2660--2673},
title = {{Sensitivity of the Great Plains Severe-Storm Environment to Soil-Moisture Distribution}},
volume = {115},
year = {1987}
}

@article{Laprise1992,
annote = {doi: 10.1175/1520-0493(1992)1202.0.CO;2},
author = {Laprise, Ren{\'{e}}},
doi = {10.1175/1520-0493(1992)120<0197:TEEOMW>2.0.CO;2},
issn = {0027-0644},
journal = {Monthly Weather Review},
month = {jan},
number = {1},
pages = {197--207},
publisher = {American Meteorological Society},
title = {{The Euler Equations of Motion with Hydrostatic Pressure as an Independent Variable}},
volume = {120},
year = {1992}
}

@article{Lavers2013,
author = {Lavers, David A and Allan, Richard P and Villarini, Gabriele and Lloyd-Hughes, Benjamin and Brayshaw, David J and Wade, Andrew J},
journal = {Environmental Research Letters},
number = {3},
pages = {34010},
title = {{Future changes in atmospheric rivers and their implications for winter flooding in Britain}},
volume = {8},
year = {2013}
}

@article{Lawrence2016,
author = {Lawrence, D M and Hurtt, G C and Arneth, A and Brovkin, V and Calvin, K V and Jones, A D and Jones, C D and Lawrence, P J and de Noblet-Ducoudr{\'{e}}, N and Pongratz, J and Seneviratne, S I and Shevliakova, E},
doi = {10.5194/gmd-9-2973-2016},
journal = {Geoscientific Model Development},
number = {9},
pages = {2973--2998},
title = {{The Land Use Model Intercomparison Project (LUMIP) contribution to CMIP6: rationale and experimental design}},
volume = {9},
year = {2016}
}

@article{Lee2017,
author = {Lee, Jeonghoon and Choi, Jeonghyeon and Lee, Okjeong and Yoon, Jaeyoung and Kim, Sangdan},
journal = {Water},
number = {4},
title = {{Estimation of Probable Maximum Precipitation in Korea using a Regional Climate Model}},
volume = {9},
year = {2017}
}

@article{Lei2008,
author = {Lei, M. and Niyogi, D. and Kishtawal, C. and {R. A. Pielke}, Sr. and ́n-Przekurat, A. Beltra and Nobis, T. E. and Vaidya, S. S.},
doi = {10.5194/acpd-8-8773-2008},
issn = {1680-7367, 1680-7367},
journal = {Atmospheric Chemistry and Physics},
number = {20},
pages = {5975--5995},
title = {{Effect of explicit urban land surface representation on the simulation of the 26 July 2005 heavy rain event over Mumbai, India}},
volume = {8},
year = {2008}
}

@article{Lenderink2008,
annote = {10.1038/ngeo262},
author = {Lenderink, Geert and van Meijgaard, Erik},
doi = {10.1038/ngeo262},
issn = {1752-0894},
journal = {Nature Geosci},
month = {aug},
number = {8},
pages = {511--514},
publisher = {Nature Publishing Group},
title = {{Increase in hourly precipitation extremes beyond expectations from temperature changes}},
volume = {1},
year = {2008}
}

@article{Lepore2015,
author = {Lepore, Chiara and Veneziano, Daniele and Molini, Annalisa},
doi = {10.1002/2014GL062247},
issn = {00948276},
journal = {Geophysical Research Letters},
month = {jan},
number = {1},
pages = {74--83},
title = {{Temperature and CAPE dependence of rainfall extremes in the eastern United States}},
volume = {42},
year = {2015}
}

@article{Leung2009,
annote = {L03820},
author = {Leung, L Ruby and Qian, Yun},
doi = {10.1029/2008GL036445},
issn = {1944-8007},
journal = {Geophysical Research Letters},
number = {3},
pages = {L03820},
title = {{Atmospheric rivers induced heavy precipitation and flooding in the western U.S. simulated by the WRF regional climate model}},
volume = {36},
year = {2009}
}

@article{Leung2003,
annote = {doi: 10.1175/1520-0442(2003)0162.0.CO;2},
author = {Leung, L Ruby and Qian, Yun and Bian, Xindi and Hunt, Allen},
doi = {10.1175/1520-0442(2003)016<1912:HOTWUS>2.0.CO;2},
issn = {0894-8755},
journal = {Journal of Climate},
month = {jun},
number = {12},
pages = {1912--1928},
publisher = {American Meteorological Society},
title = {{Hydroclimate of the Western United States Based on Observations and Regional Climate Simulation of 1981–2000. Part II: Mesoscale ENSO Anomalies}},
volume = {16},
year = {2003}
}

@article{Li2016,
author = {Li, Xiuzhen and Zhou, Wen and Chen, Yongqin David},
doi = {10.1007/s00376-015-4197-5},
issn = {1861-9533},
journal = {Advances in Atmospheric Sciences},
number = {3},
pages = {319--329},
title = {{Detecting the origins of moisture over southeast China: Seasonal variation and heavy rainfall}},
volume = {33},
year = {2016}
}

@article{Liu2017,
annote = {RDA high resolution WRF citation, Rasmussen WRF},
author = {Liu, Changhai and Ikeda, Kyoko and Rasmussen, Roy and Barlage, Mike and Newman, Andrew J and Prein, Andreas F and Chen, Fei and Chen, Liang and Clark, Martyn and Dai, Aiguo and Dudhia, Jimy and Eidhammer, Trude and Gochis, David and Gutmann, Ethan and Kurkute, Sopan and Li, Yanping and Thompson, Gregory and Yates, David},
doi = {10.1007/s00382-016-3327-9},
issn = {1432-0894},
journal = {Climate Dynamics},
month = {jul},
number = {1},
pages = {71--95},
title = {{Continental-scale convection-permitting modeling of the current and future climate of North America}},
volume = {49},
year = {2017}
}

@article{Liu2012,
author = {Liu, Jia and Bray, Michaela and Han, Dawei},
doi = {10.1002/hyp.8247},
issn = {08856087},
journal = {Hydrological Processes},
number = {20},
pages = {3012--3031},
title = {{Sensitivity of the Weather Research and Forecasting (WRF) model to downscaling ratios and storm types in rainfall simulation}},
volume = {26},
year = {2012}
}

@article{Livneh2013,
author = {Livneh, Ben and Rosenberg, Eric A. and Lin, Chiyu and Nijssen, Bart and Mishra, Vimal and Andreadis, Kostas M. and Maurer, Edwin P. and Lettenmaier, Dennis P.},
doi = {10.1175/JCLI-D-12-00508.1},
isbn = {0894-8755},
issn = {08948755},
journal = {Journal of Climate},
number = {23},
pages = {9384--9392},
pmid = {7685944},
title = {{A long-term hydrologically based dataset of land surface fluxes and states for the conterminous United States: Update and extensions}},
volume = {26},
year = {2013}
}

@article{Loriaux2016,
author = {Loriaux, Jessica M. and Lenderink, Geert and Siebesma, A. Pier},
doi = {10.1002/2015JD024274},
issn = {2169897X},
journal = {Journal of Geophysical Research: Atmospheres},
number = {10},
pages = {5471--5487},
title = {{Peak Precipitation Intensity in Relation to Atmospheric Conditions and Large-Scale Forcing at Midlatitudes}},
volume = {121},
year = {2016}
}

@article{Lu2014,
author = {Lu, Jian and {Ruby Leung}, L. and Yang, Qing and Chen, Gang and Collins, William D. and Li, Fuyu and {Jason Hou}, Z. and Feng, Xuelei},
doi = {10.1002/2014GL059532},
isbn = {1944-8007},
issn = {19448007},
journal = {Geophysical Research Letters},
number = {8},
pages = {2971--2978},
title = {{The robust dynamical contribution to precipitation extremes in idealized warming simulations across model resolutions}},
volume = {41},
year = {2014}
}

@article{Lyons1993,
author = {Lyons, T J and Xinmei, Huang and Schwerdtfeger, P and Hacker, J M and Foster, I J and Smith, R C G},
doi = {10.1175/1520-0477(1993)074<1327:LIIASR>2.0.CO;2},
isbn = {0003-0007},
issn = {0003-0007},
journal = {Bulletin of the American Meteorological Society},
number = {7},
pages = {1327--1334},
title = {{Land–Atmosphere Interaction in a Semiarid Region: The Bunny Fence Experiment}},
volume = {74},
year = {1993}
}

@article{Mahmood2008,
author = {Mahmood, Rezaul and Hubbard, Kenneth G. and Leeper, Ronnie D. and Foster, Stuart A.},
doi = {10.1175/2007MWR2040.1},
isbn = {0027-0644},
issn = {0027-0644},
journal = {Monthly Weather Review},
number = {4},
pages = {1554--1561},
title = {{Increase in Near-Surface Atmospheric Moisture Content due to Land Use Changes: Evidence from the Observed Dewpoint Temperature Data}},
volume = {136},
year = {2008}
}

@techreport{Mahoney2013,
annote = {http://www2.mmm.ucar.edu/wrf/users/workshops/WS2013/posters/p90.pdf},
author = {Mahoney, Kelly},
title = {{The Impact of Model Physics and Upstream Moisture Sources on the May 2010 Tennessee Flooding Event: An Examination of Precipitation and Surface Hydrology}},
url = {http://www2.mmm.ucar.edu/wrf/users/workshops/WS2013/posters/p90.pdf},
year = {2013}
}

@article{Maraun2016,
author = {Maraun, Douglas},
doi = {10.1007/s40641-016-0050-x},
issn = {2198-6061},
journal = {Current Climate Change Reports},
number = {4},
pages = {211--220},
title = {{Bias Correcting Climate Change Simulations - a Critical Review}},
volume = {2},
year = {2016}
}

@article{Markowski2002,
author = {Markowski, Paul M. and Straka, Jerry M. and Rasmussen, Erik N.},
doi = {10.1175/1520-0493(2002)130<1692:DSTOWT>2.0.CO;2},
issn = {0027-0644},
journal = {Monthly Weather Review},
number = {7},
pages = {1692--1721},
title = {{Direct Surface Thermodynamic Observations within the Rear-Flank Downdrafts of Nontornadic and Tornadic Supercells}},
volume = {130},
year = {2002}
}

@article{Marshall2003,
author = {Marshall, Curtis H and Pielke, Roger a and Steyaert, Louis T},
doi = {10.1038/426029a},
issn = {0028-0836},
journal = {Nature},
number = {January 1997},
pages = {29--30},
pmid = {14603304},
title = {{Crop freezes and land-use change in Florida}},
volume = {426},
year = {2003}
}

@article{Mass2002,
author = {Mass, Clifford F. and Ovens, David and Westrick, Ken and Colle, Brian A.},
doi = {10.1175/1520-0477(2002)083<0407:DIHRPM>2.3.CO;2},
isbn = {0003-0007},
issn = {00030007},
journal = {Bulletin of the American Meteorological Society},
number = {3},
pages = {407--430},
title = {{Does increasing horizontal resolution produce more skillful forecasts? The results of two years of real-time numerical weather prediction over the Pacific Northwest}},
volume = {83},
year = {2002}
}

@article{Massonnet2016,
author = {Massonnet, Fran{\c{c}}ois and Bellprat, Omar and Guemas, Virginie and Doblas-reyes, Francisco J},
doi = {10.1126/science.aaf6369},
issn = {10959203},
journal = {Science},
number = {6311},
pages = {452--455},
title = {{Using climate models to estimate the quality of global observational data sets}},
volume = {354},
year = {2016}
}

@article{Mesinger2006,
author = {Mesinger, Fedor and DiMego, Geoff and Kalnay, Eugenia and Mitchell, Kenneth and Shafran, Perry C. and Ebisuzaki, Wesley and Jovi{\'{c}}, Du{\v{s}}an and Woollen, Jack and Rogers, Eric and Berbery, Ernesto Hugo and Ek, Michael B. and Fan, Yun and Grumbine, Robert and Higgins, Wayne and Li, Hong and Lin, Ying and Manikin, Geoff and Parrish, David and Shi, Wei},
doi = {10.1175/BAMS-87-3-343},
isbn = {0003-0007},
issn = {00030007},
journal = {Bulletin of the American Meteorological Society},
number = {3},
pages = {343--360},
title = {{North American regional reanalysis}},
volume = {87},
year = {2006}
}

@article{Micovic2015,
author = {Micovic, Zoran and Schaefer, Melvin G. and Taylor, George H.},
doi = {10.1016/j.jhydrol.2014.12.033},
issn = {00221694},
journal = {Journal of Hydrology},
pages = {360--373},
title = {{Uncertainty analysis for Probable Maximum Precipitation estimates}},
volume = {521},
year = {2015}
}

@misc{Min2011,
author = {Min, Seung-Ki and Zhang, Xuebin and Zwiers, Francis W and Hegerl, Gabriele C},
booktitle = {Nature},
doi = {10.1038/nature09763},
isbn = {00280836},
issn = {1476-4687},
number = {7334},
pages = {378--381},
pmid = {21331039},
title = {{Human contribution to more-intense precipitation extremes}},
volume = {470},
year = {2011}
}

@article{Mishra2012,
author = {Mishra, Vimal and Wallace, John M. and Lettenmaier, Dennis P.},
doi = {10.1029/2012GL052790},
isbn = {0094-8276},
issn = {00948276},
journal = {Geophysical Research Letters},
number = {16},
title = {{Relationship between hourly extreme precipitation and local air temperature in the United States}},
volume = {39},
year = {2012}
}

@article{Misra2013,
author = {Misra, V and DiNapoli, S M and Bastola, S},
doi = {10.1007/s10113-012-0372-8},
journal = {Regional Environmental Change},
number = {1},
pages = {15--23},
publisher = {Springer},
title = {{Dynamic downscaling of the twentieth-century reanalysis over the southeastern United States}},
volume = {13},
year = {2013}
}

@article{Mitchell1990,
address = {London},
author = {Mitchell, Bruce},
isbn = {1852930268},
journal = {Integrated water management: international experiences and perspectives.},
publisher = {Belhaven Press},
title = {{Integrated water management: international experiences and perspectives}},
year = {1990}
}

@incollection{Molden2007,
author = {Molden, D and Frenken, K and Barker, R and de Fraiture, C and Mati, B and Svendsen, M and Sadoff, C and Finlayson, C M and Attapatu, S and Giordano, M and Inocencio, A and Lannerstad, M and Manning, N and Molle, Fran{\c{c}}ois and Smedema, B and Vall{\'{e}}e, D},
booktitle = {Water for food, water for life : a comprehensive assessment of water management in agriculture},
isbn = {978-1-84407-396-2},
pages = {57--89},
publisher = {{\{}E{\}}arthscan},
title = {{Trends in water and agricultural development}},
year = {2007}
}

@article{Molnar2015,
author = {Molnar, P. and Fatichi, S. and Ga{\'{a}}l, L. and Szolgay, J. and Burlando, P.},
doi = {10.5194/hess-19-1753-2015},
isbn = {1189232014},
issn = {16077938},
journal = {Hydrology and Earth System Sciences},
number = {4},
pages = {1753--1766},
title = {{Storm type effects on super Clausius-Clapeyron scaling of intense rainstorm properties with air temperature}},
volume = {19},
year = {2015}
}

@article{Moore2012,
author = {Moore, Benjamin J. and Neiman, Paul J. and Ralph, F. Martin and Barthold, Faye E.},
doi = {10.1175/MWR-D-11-00126.1},
isbn = {0027-0644},
issn = {0027-0644},
journal = {Monthly Weather Review},
number = {2},
pages = {358--378},
title = {{Physical Processes Associated with Heavy Flooding Rainfall in Nashville, Tennessee, and Vicinity during 1 - 2 May 2010: The Role of an Atmospheric River and Mesoscale Convective Systems}},
volume = {140},
year = {2012}
}

@article{Morrison2009,
annote = {doi: 10.1175/2008MWR2556.1},
author = {Morrison, H and Thompson, G and Tatarskii, V},
doi = {10.1175/2008MWR2556.1},
issn = {0027-0644},
journal = {Monthly Weather Review},
month = {mar},
number = {3},
pages = {991--1007},
publisher = {American Meteorological Society},
title = {{Impact of Cloud Microphysics on the Development of Trailing Stratiform Precipitation in a Simulated Squall Line: Comparison of One- and Two-Moment Schemes}},
volume = {137},
year = {2009}
}

@article{Mote2011,
author = {Mote, Philip and Brekke, Levi and Duffy, Philip B. and Maurer, Ed},
doi = {10.1029/2011EO310001},
isbn = {2324-9250},
issn = {00963941},
journal = {Eos},
number = {31},
pages = {257--264},
title = {{Guidelines for constructing climate scenarios}},
volume = {92},
year = {2011}
}

@article{Neiman2011,
author = {Neiman, Paul J. and Schick, Lawrence J. and Ralph, F. Martin and Hughes, Mimi and Wick, Gary a.},
doi = {10.1175/2011JHM1358.1},
isbn = {1525-755X},
issn = {1525-755X},
journal = {Journal of Hydrometeorology},
number = {6},
pages = {1337--1358},
title = {{Flooding in Western Washington: The Connection to Atmospheric Rivers}},
volume = {12},
year = {2011}
}

@article{Ngan2015,
author = {Ngan, Fong and Stein, Ariel and Draxler, Roland},
doi = {10.1175/JAMC-D-14-0247.1},
isbn = {1040359019},
issn = {15588432},
journal = {Journal of Applied Meteorology and Climatology},
number = {6},
pages = {1162--1176},
title = {{Inline coupling of WRF-HYSPLIT: Model development and evaluation using tracer experiments}},
volume = {54},
year = {2015}
}

@article{Nguyen2017,
author = {Nguyen, Phu and Thorstensen, Andrea and Sorooshian, Soroosh and Zhu, Qian and Tran, Hoang and Ashouri, Hamed and Miao, Chiyuan and Hsu, KuoLin and Gao, Xiaogang},
doi = {10.1175/JHM-D-16-0201.1},
journal = {Journal of Hydrometeorology},
number = {9},
pages = {2313--2330},
title = {{Evaluation of CMIP5 Model Precipitation Using PERSIANN-CDR}},
volume = {18},
year = {2017}
}

@article{Nigam2006,
author = {Nigam, Sumant and Ruiz-Barradas, Alfredo},
doi = {10.1175/JCLI3635.1},
isbn = {0894-8755},
issn = {08948755},
journal = {Journal of Climate},
number = {5},
pages = {815--837},
title = {{Seasonal hydroclimate variability over North America in global and regional reanalyses and AMIP simulations: Varied representation}},
volume = {19},
year = {2006}
}

@book{North2009,
annote = {page info taken from Amazon},
author = {North, Gerald R and Erukhimova, Tatiana L},
pages = {280},
publisher = {Cambridge University Press},
title = {{Atmospheric thermodynamics: elementary physics and chemistry}},
year = {2009}
}

@article{Numaguti1999,
author = {Numaguti, Atusi},
doi = {10.1029/1998JD200026},
issn = {2156-2202},
journal = {Journal of Geophysical Research: Atmospheres},
number = {D2},
pages = {1957--1972},
title = {{Origin and recycling processes of precipitating water over the Eurasian continent: Experiments using an atmospheric general circulation model}},
volume = {104},
year = {1999}
}

@article{OGorman2009,
author = {O'Gorman, Paul A. and Schneider, Tapio},
doi = {10.1073/pnas.0907610106},
isbn = {1091-6490 (Electronic)$\backslash$r1091-6490 (Linking)},
issn = {0027-8424},
journal = {Proceedings of the National Academy of Sciences of the United States of America},
number = {35},
pages = {14773--14777},
pmid = {19706430},
title = {{The physical basis for increases in precipitation extremes in simulations of 21st-century climate change}},
volume = {106},
year = {2009}
}

@article{Ohara2011,
author = {Ohara, N and Kavvas, ML and Kure, S and Chen, ZQ and Jang, S},
doi = {10.1061/(ASCE)HE.1943-5584.0000324.},
journal = {Journal of Hydrologic Engineering},
number = {4},
pages = {351--361},
title = {{Physically Based Estimation of Maximum Precipitation over American River Watershed, California}},
volume = {16},
year = {2011}
}

@article{Ohara2017,
author = {Ohara, Noriaki and Kavvas, M Levent and Anderson, Michael L and Chen, Z Q and Ishida, Kei},
doi = {10.1175/JHM-D-15-0232.1},
journal = {Journal of Hydrometeorology},
number = {5},
pages = {1413--1423},
title = {{Characterization of Extreme Storm Events Using a Numerical Model-Based Precipitation Maximization Procedure in the Feather, Yuba, and American River Watersheds in California}},
volume = {18},
year = {2017}
}

@article{Pall2007,
author = {Pall, P and Allen, M R and Stone, D A},
doi = {10.1007/s00382-006-0180-2},
issn = {1432-0894},
journal = {Climate Dynamics},
number = {4},
pages = {351--363},
title = {{Testing the Clausius--Clapeyron constraint on changes in extreme precipitation under CO2 warming}},
volume = {28},
year = {2007}
}

@article{Parker2016,
author = {Parker, Wendy S.},
doi = {10.1175/BAMS-D-14-00226.1},
issn = {0003-0007},
journal = {Bulletin of the American Meteorological Society},
number = {9},
pages = {1565--1572},
title = {{Reanalyses and Observations: What's the Difference?}},
volume = {97},
year = {2016}
}

@article{Pauluis475,
author = {Pauluis, Olivier M},
doi = {10.1126/science.aaa3681},
issn = {0036-8075},
journal = {Science},
number = {6221},
pages = {475--476},
publisher = {American Association for the Advancement of Science},
title = {{The global engine that could}},
volume = {347},
year = {2015}
}

@article{Payne2015,
annote = {2015JD023586},
author = {Payne, Ashley E and Magnusdottir, Gudrun},
doi = {10.1002/2015JD023586},
issn = {2169-8996},
journal = {Journal of Geophysical Research: Atmospheres},
number = {21},
pages = {11,111--173,190},
title = {{An evaluation of atmospheric rivers over the North Pacific in CMIP5 and their response to warming under RCP 8.5}},
volume = {120},
year = {2015}
}

@article{Pei2014,
author = {Pei, Lisi and Moore, Nathan and Zhong, Shiyuan and Luo, Lifeng and Hyndman, David W. and Heilman, Warren E. and Gao, Zhiqiu},
doi = {10.1175/JCLI-D-14-00015.1},
issn = {08948755},
journal = {Journal of Climate},
number = {20},
pages = {7703--7724},
title = {{WRF model sensitivity to land surface model and cumulus parameterization under short-term climate extremes over the Southern great plains of the United States}},
volume = {27},
year = {2014}
}


@article{Pennelly2014,
author = {Pennelly, Clark and Reuter, Gerhard and Flesch, Thomas},
doi = {10.1016/j.atmosres.2013.09.004},
isbn = {01698095},
issn = {01698095},
journal = {Atmospheric Research},
number = {2014},
pages = {172--192},
publisher = {Elsevier B.V.},
title = {{Verification of the WRF model for simulating heavy precipitation in Alberta}},
volume = {135-136},
year = {2014}
}

@article{Peters2013,
author = {Peters, Glen P. and Andrew, Robbie M. and Boden, Tom and Canadell, Josep G. and Ciais, Philippe and Qu{\'{e}}r{\'{e}}, Corinne Le and Marland, Gregg and Raupach, Michael R. and Wilson, Charlie},
doi = {10.1038/nclimate1766},
isbn = {1758-678X},
issn = {1758-678X},
journal = {Nature Climate Change},
number = {January},
pages = {4--6},
title = {{The challenge to keep global warming below 2 °C}},
volume = {3},
year = {2013}
}

@article{Pfahl2017,
author = {Pfahl, S. and O'Gorman, P. A. and Fischer, Erich M.},
doi = {10.1038/nclimate3287},
issn = {1758-678X},
journal = {Nature Climate Change},
number = {May},
pages = {1--6},
title = {{Understanding the regional pattern of projected future changes in extreme precipitation}},
year = {2017}
}

@article{Pfahl2012,
author = {Pfahl, Stephan and Wernli, Heini},
doi = {10.1175/JCLI-D-11-00705.1},
issn = {0894-8755},
journal = {Journal of Climate},
month = {apr},
number = {19},
pages = {6770--6780},
publisher = {American Meteorological Society},
title = {{Quantifying the Relevance of Cyclones for Precipitation Extremes}},
volume = {25},
year = {2012}
}

@article{Picard2017,
author = {Picard, Lee and Mass, Clifford},
doi = {10.1175/JHM-D-16-0209.1},
journal = {Journal of Hydrometeorology},
number = {6},
pages = {1673--1688},
title = {{The Sensitivity of Orographic Precipitation to Flow Direction: An Idealized Modeling Approach}},
volume = {18},
year = {2017}
}

@article{Pierce2015,
author = {Pierce, David W. and Cayan, Daniel R. and Maurer, Edwin P. and Abatzoglou, John T. and Hegewisch, Katherine C.},
doi = {10.1175/JHM-D-14-0236.1},
issn = {1525-755X},
journal = {Journal of Hydrometeorology},
number = {July 2016},
pages = {150915153707007},
title = {{Improved bias correction techniques for hydrological simulations of climate change}},
year = {2015}
}

@article{Pierce2016,
author = {Pierce, David. W. and Cayan, Daniel R.},
doi = {10.1007/s00382-015-2845-1},
issn = {14320894},
journal = {Climate Dynamics},
number = {1-2},
pages = {411--431},
publisher = {Springer Berlin Heidelberg},
title = {{Downscaling humidity with Localized Constructed Analogs (LOCA) over the conterminous United States}},
volume = {47},
year = {2016}
}

@article{Pierce2014,
author = {Pierce, David. W. and Cayan, Daniel R. and Thrasher, Bridget L.},
doi = {10.1175/JHM-D-14-0082.1},
issn = {1525-755X},
journal = {Journal of Hydrometeorology},
pages = {2558--2585},
title = {{Statistical Downscaling Using Localized Constructed Analogs (LOCA)}},
volume = {15},
year = {2014}
}

@article{Pitman2004,
author = {Pitman, A. J. and Narisma, G. T. and Pielke, R. A. and Holbrook, N. J.},
doi = {10.1029/2003JD004347},
isbn = {2156-2202},
issn = {01480227},
journal = {Journal of Geophysical Research},
number = {18},
pages = {1--12},
title = {{Impact of land cover change on the climate of southwest Western Australia}},
volume = {109},
year = {2004}
}

@article{Poan2017,
author = {Poan, E D and Gachon, P and Laprise, R and Aider, R and Dueymes, G},
doi = {10.1007/s00382-017-3723-9},
issn = {1432-0894},
journal = {Climate Dynamics},
month = {may},
title = {{Investigating added value of regional climate modeling in North American winter storm track simulations}},
year = {2017}
}

@article{Prein2013,
author = {Prein, Andreas F and Holland, Gregory J and Rasmussen, Roy M and Done, James and Ikeda, Kyoko and Clark, Martyn P and Liu, Changhai H},
doi = {10.1175/JCLI-D-12-00727.1},
journal = {Journal of Climate},
number = {13},
pages = {4848--4857},
title = {{Importance of Regional Climate Model Grid Spacing for the Simulation of Heavy Precipitation in the Colorado Headwaters}},
volume = {26},
year = {2013}
}

@article{Prein2015,
author = {Prein, Andreas F and Langhans, Wolfgang and Fosser, Giorgia and Ferrone, Andrew and Ban, Nikolina and Goergen, Klaus and Keller, Michael and T{\"{o}}lle, Merja and Gutjahr, Oliver and Feser, Frauke and Brisson, Erwan and Kollet, Stefan and Schmidli, Juerg and van Lipzig, Nicole P M and Leung, Ruby},
doi = {10.1002/2014RG000475},
issn = {1944-9208},
journal = {Reviews of Geophysics},
number = {2},
pages = {323--361},
title = {{A review on regional convection-permitting climate modeling: Demonstrations, prospects, and challenges}},
volume = {53},
year = {2015}
}

@article{Prein2017,
author = {Prein, Andreas F and Rasmussen, Roy M and Ikeda, Kyoko and Liu, Changhai and Clark, Martyn P and Holland, Greg J},
doi = {10.1038/nclimate3168},
issn = {1758-678X},
journal = {Nature Clim. Change},
month = {jan},
number = {1},
pages = {48--52},
publisher = {Nature Publishing Group},
title = {{The future intensification of hourly precipitation extremes}},
volume = {7},
year = {2017}
}

@article{Rajeevan2010,
author = {Rajeevan, M. and Kesarkar, A. and Thampi, S. B. and Rao, T. N. and Radhakrishna, B. and Rajasekhar, M.},
doi = {10.5194/angeo-28-603-2010},
isbn = {0992-7689},
issn = {09927689},
journal = {Annales Geophysicae},
number = {2},
pages = {603--619},
title = {{Sensitivity of WRF cloud microphysics to simulations of a severe thunderstorm event over Southeast India}},
volume = {28},
year = {2010}
}

@article{Rakhecha1985,
author = {Rakhecha, P R and Kennedy, M R},
doi = {10.1016/0022-1694(85)90112-X},
issn = {0022-1694},
journal = {Journal of Hydrology},
number = {3},
pages = {345--359},
title = {{A generalised technique for the estimation of probable maximum precipitation in India}},
volume = {78},
year = {1985}
}

@book{Rakhecha2009,
author = {Rakhecha, Pukh Raj and Singh, Vijay P.},
booktitle = {Applied Hydrometeorology},
doi = {10.1007/978-1-4020-9844-4},
isbn = {9781402098437},
pages = {1--384},
title = {{Applied hydrometeorology}},
year = {2009}
}

@article{Ralph2011,
author = {Ralph, F. Martin and Neiman, Paul J. and Kiladis, George N. and Weickmann, Klaus and Reynolds, David W.},
doi = {10.1175/2010MWR3596.1},
isbn = {0027064415200493},
issn = {0027-0644},
journal = {Monthly Weather Review},
number = {4},
pages = {1169--1189},
title = {{A Multiscale Observational Case Study of a Pacific Atmospheric River Exhibiting Tropical–Extratropical Connections and a Mesoscale Frontal Wave}},
volume = {139},
year = {2011}
}

@inproceedings{Rao2007,
author = {Rao, Y. V. Rama and Hatwar, H. R. and Salah, Ahmad Kamal and Sudhakar, Y.},
booktitle = {Pure and Applied Geophysics},
doi = {10.1007/s00024-007-0244-1},
issn = {00334553},
number = {8-9},
pages = {1593--1615},
title = {{An experiment using the high resolution Eta and WRF models to forecast heavy precipitation over India}},
volume = {164},
year = {2007}
}

@article{Rastogi2017,
annote = {2016JD026001},
author = {Rastogi, Deeksha and Kao, Shih-Chieh and Ashfaq, Moetasim and Mei, Rui and Kabela, Erik D and Gangrade, Sudershan and Naz, Bibi S and Preston, Benjamin L and Singh, Nagendra and Anantharaj, Valentine G},
doi = {10.1002/2016JD026001},
issn = {2169-8996},
journal = {Journal of Geophysical Research: Atmospheres},
number = {9},
pages = {4808--4828},
title = {{Effects of Climate Change on Probable Maximum Precipitation: A Sensitivity Study over the Alabama-Coosa-Tallapoosa River Basin}},
volume = {122},
year = {2017}
}


@article{Reid2015,
author = {Reid, Robert L},
doi = {10.1061/ciegag.0001044},
journal = {Civil Engineering Magazine Archive},
number = {10},
pages = {46--55},
publisher = {American Society of Civil Engineers},
title = {{Engineering For Every Drop}},
volume = {85},
year = {2015}
}

@article{Reynolds2007,
author = {Reynolds, Richard W and Smith, Thomas M and Liu, Chunying and Chelton, Dudley B and Casey, Kenneth S and Schlax, Michael G},
doi = {10.1175/2007JCLI1824.1},
issn = {0894-8755},
journal = {Journal of Climate},
month = {nov},
number = {22},
pages = {5473--5496},
publisher = {American Meteorological Society},
title = {{Daily High-Resolution-Blended Analyses for Sea Surface Temperature}},
volume = {20},
year = {2007}
}

@article{Rotach2007,
author = {Rotach, Mathias W. and Zardi, Dino},
doi = {10.1002/qj.325},
isbn = {0035-9009},
issn = {00359009},
journal = {Quarterly Journal of the Royal {\ldots}},
number = {October},
pages = {937--948},
title = {{On the boundary-layer structure over highly complex terrain: Key findings from MAP}},
volume = {133},
year = {2007}
}

@article{Rouhani2016,
author = {Rouhani, Hassan and Leconte, Robert},
doi = {10.1002/2016WR018603},
issn = {1944-7973},
journal = {Water Resources Research},
number = {9},
pages = {7347--7365},
title = {{A novel method to estimate the maximization ratio of the Probable Maximum Precipitation (PMP) using regional climate model output}},
volume = {52},
year = {2016}
}

@article{Rousseau2014,
author = {Rousseau, Alain N and Klein, Iris M and Freudiger, Daphn{\'{e}} and Gagnon, Patrick and Frigon, Anne and Ratt{\'{e}}-Fortin, Claudie},
doi = {10.1016/j.jhydrol.2014.10.053},
issn = {0022-1694},
journal = {Journal of Hydrology},
pages = {3094--3109},
title = {{Development of a methodology to evaluate probable maximum precipitation (PMP) under changing climate conditions: Application to southern Quebec, Canada}},
volume = {519, Part},
year = {2014}
}

@article{Roy2011,
author = {Roy, Sen Shouraseni and Mahmood, Rezaul and Quintanar, Arturo I. and Gonzalez, Astrid},
doi = {10.1007/s00704-010-0338-z},
issn = {0177798X},
journal = {Theoretical and Applied Climatology},
number = {1-2},
pages = {193--207},
title = {{Impacts of irrigation on dry season precipitation in India}},
volume = {104},
year = {2011}
}

@article{Rupp2013,
author = {Rupp, David E and Abatzoglou, John T and Hegewisch, Katherine C and Mote, Philip W},
doi = {10.1002/jgrd.50843},
issn = {2169-8996},
journal = {Journal of Geophysical Research: Atmospheres},
number = {19},
pages = {10,810--884,906},
title = {{Evaluation of CMIP5 20th century climate simulations for the Pacific Northwest USA}},
volume = {118},
year = {2013}
}

@article{Salas2014,
author = {Salas, Jose D and Gavil{\'{a}}n, Germ{\'{a}}n and Salas, Fernando R and Julien, Pierre Y and Abdullah, Jazuri},
journal = {Handbook of engineering hydrology: modeling, climate change, and variability, Book II, CRC Press, Taylor {\&} Francis Group},
pages = {575--603},
title = {{Uncertainty of the PMP and PMF}},
year = {2014}
}

@article{Scheffers2016,
author = {Scheffers, Brett R and {De Meester}, Luc and Bridge, Tom C L and Hoffmann, Ary A and Pandolfi, John M and Corlett, Richard T and Butchart, Stuart H M and Pearce-Kelly, Paul and Kovacs, Kit M and Dudgeon, David and Pacifici, Michela and Rondinini, Carlo and Foden, Wendy B and Martin, Tara G and Mora, Camilo and Bickford, David and Watson, James E M},
doi = {10.1126/science.aaf7671},
journal = {Science},
month = {nov},
number = {6313},
pages = {719},
title = {{The broad footprint of climate change from genes to biomes to people}},
volume = {354},
year = {2016}
}

@article{Schlosser2014,
author = {Schlosser, C Adam and Strzepek, Kenneth and Gao, Xiang and Fant, Charles and Blanc, {\'{E}}lodie and Paltsev, Sergey and Jacoby, Henry and Reilly, John and Gueneau, Arthur},
doi = {10.1002/2014EF000238},
issn = {2328-4277},
journal = {Earth's Future},
number = {8},
pages = {341--361},
publisher = {Wiley Periodicals, Inc.},
title = {{The future of global water stress: An integrated assessment}},
volume = {2},
year = {2014}
}

@book{Schreiner1978,
author = {Schreiner, Louis C and Riedel, John T},
publisher = {Department of Commerce, National Oceanic and Atmospheric Administration},
title = {{Probable maximum precipitation estimates, United States east of the 105th meridian}},
year = {1978}
}

@misc{Seaber1987,
author = {Seaber, Paul R and Kapinos, F Paul and Knapp, George L},
booktitle = {U. S. Geological Survey Water-Supply Paper},
isbn = {Water-Supply Paper 2294},
pages = {63},
pmid = {264},
title = {{Hydrologic unit maps}},
url = {http://pubs.usgs.gov/wsp/wsp2294/pdf/wsp{\_}2294.pdf},
year = {1987}
}

@article{Seneviratne2014,
author = {Seneviratne, Sonia I and Donat, Markus G and Mueller, Brigitte and Alexander, Lisa V},
doi = {10.1038/nclimate2145},
issn = {1758-678X},
journal = {Nature Clim. Change},
month = {mar},
number = {3},
pages = {161--163},
publisher = {Nature Publishing Group, a division of Macmillan Publishers Limited. All Rights Reserved.},
title = {{No pause in the increase of hot temperature extremes}},
volume = {4},
year = {2014}
}

@article{Sheffield2013,
author = {Sheffield, Justin and Barrett, Andrew P. and Colle, Brian and Fernando, D. Nelun and Fu, Rong and Geil, Kerrie L. and Hu, Qi and Kinter, Jim and Kumar, Sanjiv and Langenbrunner, Baird and Lombardo, Kelly and Long, Lindsey N. and Maloney, Eric and Mariotti, Annarita and Meyerson, Joyce E. and Mo, Kingtse C. and Neelin, J. David and Nigam, Sumant and Pan, Zaitao and Ren, Tong and Ruiz-Barradas, Alfredo and Serra, Yolande L. and Seth, Anji and Thibeault, Jeanne M. and Stroeve, Julienne C. and Yang, Ze and Yin, Lei},
doi = {10.1175/JCLI-D-12-00592.1},
isbn = {0894-8755},
issn = {08948755},
journal = {Journal of Climate},
number = {23},
pages = {9209--9245},
title = {{North American Climate in CMIP5 experiments. Part I: Evaluation of historical simulations of continental and regional climatology}},
volume = {26},
year = {2013}
}

@article{Shem2009,
author = {Shem, Willis and Shepherd, Marshall},
doi = {10.1016/j.atmosres.2008.09.013},
isbn = {01698095},
issn = {01698095},
journal = {Atmospheric Research},
number = {2},
pages = {172--189},
title = {{On the impact of urbanization on summertime thunderstorms in Atlanta: Two numerical model case studies}},
volume = {92},
year = {2009}
}

@article{Shepherd2005,
author = {Shepherd, J. Marshall},
doi = {10.1175/EI156.1},
isbn = {1087-3562},
issn = {10873562},
journal = {Earth Interactions},
number = {12},
pages = {1--27},
title = {{A review of current investigations of urban-induced rainfall and recommendations for the future}},
volume = {9},
year = {2005}
}

@article{Sikder2016a,
author = {Sikder, S. and Chen, Xiaodong and Hossain, F. and Roberts, J.B. and Robertson, F. and Shum, C.K. and Turk, F.J.},
doi = {10.1175/JHM-D-14-0099.1},
issn = {15257541 1525755X},
journal = {Journal of Hydrometeorology},
number = {1},
pages = {195--210},
title = {{Are general circulation models ready for operational streamflow forecasting for water management in the ganges and brahmaputra river Basins?}},
volume = {17},
year = {2016}
}

@article{Sikder2016b,
author = {Sikder, Safat and Hossain, Faisal},
doi = {10.1002/2016MS000678},
issn = {1942-2466},
journal = {Journal of Advances in Modeling Earth Systems},
number = {3},
pages = {1210--1228},
title = {{Assessment of the weather research and forecasting model generalized parameterization schemes for advancement of precipitation forecasting in monsoon-driven river basins}},
volume = {8},
year = {2016}
}

@article{Siler2014,
author = {Siler, Nicholas and Roe, Gerard},
doi = {10.1002/2013GL059095},
issn = {19448007},
journal = {Geophysical Research Letters},
number = {7},
pages = {2606--2613},
title = {{How will orographic precipitation respond to surface warming? An idealized thermodynamic perspective}},
volume = {41},
year = {2014}
}

@techreport{Skamarock2008,
author = {Skamarock, William C and Klemp, Joseph B. and Dudhia, Jimy and Gill, David O. and Baker, Dale M. and Duda, Michael G. and Huang, Xiang-Yu and Wang, Wei and Powers, Jordan G.},
institution = {NCAR/TN-475+ STR},
pages = {113},
title = {{A description of the advanced research WRF version 3. NCAR Tech. Note}},
year = {2008}
}

@misc{Stein2015,
author = {Stein, A. F. and Draxler, R. R. and Rolph, G. D. and Stunder, B. J B and Cohen, M. D. and Ngan, F.},
booktitle = {Bulletin of the American Meteorological Society},
doi = {10.1175/BAMS-D-14-00110.1},
isbn = {0003-0007},
issn = {00030007},
number = {12},
pages = {2059--2077},
title = {{Noaa's hysplit atmospheric transport and dispersion modeling system}},
volume = {96},
year = {2015}
}

@article{Stein2007,
author = {Stein, Ariel F. and Isakov, Vlad and Godowitch, James and Draxler, Roland R.},
doi = {10.1016/j.atmosenv.2007.09.004},
isbn = {1352-2310},
issn = {13522310},
journal = {Atmospheric Environment},
number = {40},
pages = {9410--9426},
title = {{A hybrid modeling approach to resolve pollutant concentrations in an urban area}},
volume = {41},
year = {2007}
}

@book{Stensrud2009,
address = {Cambridge},
author = {Stensrud, David J},
isbn = {9780521126762},
pages = {480},
publisher = {Cambridge University Press},
title = {{Parameterization schemes: keys to understanding numerical weather prediction models}},
year = {2009}
}

@article{Stratz2014,
author = {Stratz, Steven A and Hossain, Faisal},
doi = {10.1061/(ASCE)HE.1943-5584.0001021.},
issn = {10840699},
journal = {Journal of Hydrologic Engineering},
number = {12},
pages = {06014006},
title = {{Probable Maximum Precipitation in a Changing Climate : Implications for Dam Design}},
volume = {19},
year = {2014}
}

@article{Sun2006,
author = {Sun, Ying and Solomon, Susan and Dai, Aiguo and Portmann, Robert W.},
doi = {10.1175/JCLI3672.1},
isbn = {0894-8755},
issn = {08948755},
journal = {Journal of Climate},
number = {6},
pages = {916--934},
title = {{How often does it rain?}},
volume = {19},
year = {2006}
}

@phdthesis{Tan2010,
author = {Tan, Elcin},
school = {University of California, Davis},
title = {{Development of a Methodology for Probable Maximum Precipitation Estimation over the American River Watershed Using the WRF Model}},
type = {Dotorate dissertation},
year = {2010}
}

@article{Tarroja2016,
author = {Tarroja, Brian and AghaKouchak, Amir and Samuelsen, Scott},
doi = {10.1016/j.energy.2016.05.131},
issn = {03605442},
journal = {Energy},
pages = {295--305},
title = {{Quantifying climate change impacts on hydropower generation and implications on electric grid greenhouse gas emissions and operation}},
volume = {111},
year = {2016}
}

@inbook{Trenberth1999,
address = {Dordrecht},
author = {Trenberth, Kevin E},
booktitle = {Weather and Climate Extremes: Changes, Variations and a Perspective from the Insurance Industry},
doi = {10.1007/978-94-015-9265-9_18},
editor = {Karl, Thomas R and Nicholls, Neville and Ghazi, Anver},
isbn = {978-94-015-9265-9},
pages = {327--339},
publisher = {Springer Netherlands},
title = {{Conceptual Framework for Changes of Extremes of the Hydrological Cycle With Climate Change}},
year = {1999}
}

@misc{Trenberth2003,
author = {Trenberth, Kevin E. and Dai, Aiguo and Rasmussen, Roy M. and Parsons, David B.},
booktitle = {Bulletin of the American Meteorological Society},
doi = {10.1175/BAMS-84-9-1205},
isbn = {0003-0007},
issn = {00030007},
number = {9},
pages = {1205--1217+1161},
title = {{The changing character of precipitation}},
volume = {84},
year = {2003}
}

@article{Troen1986,
author = {Troen, I. B. and Mahrt, L.},
doi = {10.1007/BF00122760},
isbn = {0006-8314},
issn = {00068314},
journal = {Boundary-Layer Meteorology},
number = {1-2},
pages = {129--148},
title = {{A simple model of the atmospheric boundary layer; sensitivity to surface evaporation}},
volume = {37},
year = {1986}
}

@article{Trubilowicz2016,
author = {Trubilowicz, Joel W. and Shea, J. M. and Jost, G. and Moore, R. D.},
doi = {10.1002/hyp.10795},
issn = {08856087},
journal = {Hydrological Processes},
month = {jun},
number = {13},
pages = {2332--2347},
title = {{Suitability of North American Regional Reanalysis (NARR) output for hydrologic modelling and analysis in mountainous terrain}},
volume = {30},
year = {2016}
}

@article{Tuleya1994,
author = {Tuleya, Robert E.},
doi = {10.1175/1520-0493(1994)122<0291:TSDADS>2.0.CO;2},
issn = {00270644},
journal = {Monthly Weather Review},
number = {2},
pages = {291--304},
title = {{Tropical Storm Development and Decay: Sensitivity To Surface Boundary Conditions}},
volume = {122},
year = {1994}
}

@article{Vahedifard1139,
author = {Vahedifard, Farshid and AghaKouchak, Amir and Ragno, Elisa and Shahrokhabadi, Shahriar and Mallakpour, Iman},
doi = {10.1126/science.aan0171},
issn = {0036-8075},
journal = {Science},
number = {6330},
pages = {1139--1140},
publisher = {American Association for the Advancement of Science},
title = {{Lessons from the Oroville dam}},
volume = {355},
year = {2017}
}

@article{Vaidya2007,
author = {Vaidya, S. S. and Kulkarni, J. R.},
doi = {10.1007/s00703-006-0233-4},
isbn = {0070300602334},
issn = {01777971},
journal = {Meteorology and Atmospheric Physics},
number = {1-2},
pages = {55--66},
title = {{Simulation of heavy precipitation over Santacruz, Mumbai on 26 July 2005, using Mesoscale model}},
volume = {98},
year = {2007}
}

@article{Wang2017,
author = {Wang, Guiling and Wang, Dagang and Trenberth, Kevin E and Erfanian, Amir and Yu, Miao and Bosilovich, Michael G and Parr, Dana T},
issn = {1758-678X},
journal = {Nature Clim. Change},
month = {apr},
number = {4},
pages = {268--274},
publisher = {Nature Publishing Group},
title = {{The peak structure and future changes of the relationships between extreme precipitation and temperature}},
volume = {7},
year = {2017}
}

@article{Wang2016J,
author = {Wang, Jiali and Han, Yuefeng and Stein, Michael L and Kotamarthi, Veerabhadra R and Huang, Whitney K},
doi = {10.1007/s00382-016-3000-3},
issn = {1432-0894},
journal = {Climate Dynamics},
pages = {1--17},
title = {{Evaluation of dynamically downscaled extreme temperature using a spatially-aggregated generalized extreme value (GEV) model}},
year = {2016}
}

@article{Warner2015,
author = {Warner, Michael D and Mass, Clifford F and Jr., Eric P Salath{\'{e}}},
doi = {10.1175/JHM-D-14-0080.1},
journal = {Journal of Hydrometeorology},
number = {1},
pages = {118--128},
title = {{Changes in Winter Atmospheric Rivers along the North American West Coast in CMIP5 Climate Models}},
volume = {16},
year = {2015}
}

@article{WeatherBill2007,
author = {WeatherBill, Inc},
pages = {30},
title = {{Precipitation Averages, Seasonality, Volatility and Trends in the United States}},
year = {2007}
}

@article{Whitaker2004,
author = {Whitaker, Jeffrey S. and Compo, Gilbert P. and Wei, Xue and Hamill, Thomas M.},
doi = {10.1175/1520-0493(2004)132<1190:RWRUED>2.0.CO;2},
isbn = {0027-0644},
issn = {00030007},
journal = {Monthly Weather Review},
number = {5},
pages = {1190--1200},
title = {{Reanalysis before radiosondes using ensemble data assimilation}},
volume = {132},
year = {2004}
}

@article{Wi2016,
author = {Wi, Sungwook and Vald{\'{e}}s, Juan B and Steinschneider, Scott and Kim, Tae-Woong},
doi = {10.1007/s00477-015-1180-8},
issn = {1436-3259},
journal = {Stochastic Environmental Research and Risk Assessment},
number = {2},
pages = {583--606},
title = {{Non-stationary frequency analysis of extreme precipitation in South Korea using peaks-over-threshold and annual maxima}},
volume = {30},
year = {2016}
}

@article{Winters2014,
annote = {doi: 10.1175/WAF-D-13-00124.1},
author = {Winters, Andrew C and Martin, Jonathan E},
doi = {10.1175/WAF-D-13-00124.1},
issn = {0882-8156},
journal = {Weather and Forecasting},
month = {apr},
number = {4},
pages = {954--974},
publisher = {American Meteorological Society},
title = {{The Role of a Polar/Subtropical Jet Superposition in the May 2010 Nashville Flood}},
volume = {29},
year = {2014}
}

@article{Woldemichael2014,
author = {Woldemichael, Abel T. and Hossain, Faisal and Pielke, Roger},
doi = {10.1175/jhm-d-13-085.1},
isbn = {1525-755X},
issn = {1525-755X},
journal = {Journal of Hydrometeorology},
number = {2},
pages = {777--800},
title = {{Impacts of Postdam Land Use/Land Cover Changes on Modification of Extreme Precipitation in Contrasting Hydroclimate and Terrain Features}},
volume = {15},
year = {2014}
}

@article{Woldemichael2012,
annote = {W09547},
author = {Woldemichael, Abel T and Hossain, Faisal and Pielke, Roger and Beltr{\'{a}}n-Przekurat, Adriana},
doi = {10.1029/2011WR011684},
issn = {1944-7973},
journal = {Water Resources Research},
number = {9},
pages = {777--800},
title = {{Understanding the impact of dam-triggered land use/land cover change on the modification of extreme precipitation}},
volume = {48},
year = {2012}
}

@article{Wood2004,
author = {Wood, A W and Leung, L R and Sridhar, V and Lettenmaier, D P},
doi = {10.1023/B:CLIM.0000013685.99609.9e},
issn = {1573-1480},
journal = {Climatic Change},
number = {1},
pages = {189--216},
title = {{Hydrologic Implications of Dynamical and Statistical Approaches to Downscaling Climate Model Outputs}},
url = {http://dx.doi.org/10.1023/B:CLIM.0000013685.99609.9e},
volume = {62},
year = {2004}
}

@techreport{WMO1986,
author = {{World Meteorological Organization (WMO)}},
institution = {World Meteorological Organization (WMO), Geneva},
pages = {291},
title = {{Manual for Estimation of Probable Maximum Precipitation, Operational Hydrology Report 1, 2nd edition, Publication 332}},
year = {1986}
}

@article{Wu2012,
author = {Wu, Huan and Kimball, John S. and Li, Hongyi and Huang, Maoyi and Leung, L. Ruby and Adler, Robert F.},
doi = {10.1029/2012WR012313},
isbn = {0043-1397},
issn = {00431397},
journal = {Water Resources Research},
number = {9},
pages = {1--5},
title = {{A new global river network database for macroscale hydrologic modeling}},
volume = {48},
year = {2012}
}

@article{Wuebbles2014,
author = {Wuebbles, Donald and Meehl, Gerald and Hayhoe, Katharine and Karl, Thomas R. and Kunkel, Kenneth and Santer, Benjamin and Wehner, Michael and Colle, Brian and Fischer, Erich M. and Fu, Rong and Goodman, Alex and Janssen, Emily and Kharin, Viatcheslav and Lee, Huikyo and Li, Wenhong and Long, Lindsey N. and Olsen, Seth C. and Pan, Zaitao and Seth, Anji and Sheffield, Justin and Sun, Liqiang},
doi = {10.1175/BAMS-D-12-00172.1},
isbn = {0003-0007},
issn = {00030007},
journal = {Bulletin of the American Meteorological Society},
number = {4},
pages = {571--583},
title = {{CMIP5 climate model analyses: Climate extremes in the United States}},
volume = {95},
year = {2014}
}

@article{Yang2015,
author = {Yang, Long and Tian, Fuqiang and Sun, Ting and Ni, Guangheng},
journal = {Journal of Hydroelectric Engineering},
number = {1},
pages = {37--40},
title = {{Advances in research of urban modification on rainfall over Beijing metropolitan region}},
volume = {34},
year = {2015}
}

@article{Yigzaw2013,
author = {Yigzaw, Wondmagegn and Hossain, Faisal and Kalyanapu, Alfred},
doi = {10.1061/(ASCE)HE.1943-5584.0000722},
issn = {1084-0699},
journal = {Journal of Hydrologic Engineering},
number = {9},
pages = {1180--1190},
title = {{Impact of Artificial Reservoir Size and Land Use/Land Cover Patterns on Probable Maximum Precipitation and Flood: Case of Folsom Dam on the American River}},
volume = {18},
year = {2013}
}

@article{Zhang2016,
annote = {doi: 10.1175/JCLI-D-15-0842.1},
author = {Zhang, Chi and Tang, Qiuhong and Chen, Deliang},
doi = {10.1175/JCLI-D-15-0842.1},
issn = {0894-8755},
journal = {Journal of Climate},
month = {nov},
number = {5},
pages = {1807--1819},
publisher = {American Meteorological Society},
title = {{Recent Changes in the Moisture Source of Precipitation over the Tibetan Plateau}},
volume = {30},
year = {2016}
}

@article{Zhang1982,
author = {Zhang, Dalin and Anthes, Richard A},
doi = {10.1175/1520-0450(1982)021<1594:AHRMOT>2.0.CO;2},
journal = {Journal of Applied Meteorology},
number = {11},
pages = {1594--1609},
title = {{A high-resolution model of the planetary boundary layer-sensitivity tests and comparisons with SESAME-79 data}},
volume = {21},
year = {1982}
}

@article{Zhang1995,
author = {Zhang, G. J. and McFarlane, N. A.},
doi = {10.1080/07055900.1995.9649539},
isbn = {0705-5900},
issn = {0705-5900},
journal = {Atmosphere-Ocean},
number = {3},
pages = {407--446},
title = {{Sensitivity of climate simulations to the parameterization of cumulus convection in the Canadian climate centre general circulation model}},
volume = {33},
year = {1995}
}

@article{Zhang2013H,
author = {Zhang, Huan and Fraedrich, Klaus and Blender, Richard and Zhu, Xiuhua},
doi = {10.1175/JHM-D-12-0181.1},
issn = {1525755X},
journal = {Journal of Hydrometeorology},
number = {3},
pages = {923--928},
title = {{Precipitation Extremes in CMIP5 Simulations on Different Time Scales.}},
volume = {14},
year = {2013}
}

@article{Zhang2009,
author = {Zhang, Huqiang and Gao, Xuejie},
doi = {10.1007/s00382-008-0472-9},
issn = {1432-0894},
journal = {Climate Dynamics},
number = {2},
pages = {409--426},
title = {{On the atmospheric dynamical responses to land-use change in East Asian monsoon region}},
volume = {33},
year = {2009}
}

@article{Zhang2013Q,
author = {Zhang, Qiong and K{\"{o}}rnich, Heiner and Holmgren, Karin},
doi = {10.1007/s00382-012-1423-z},
issn = {09307575},
journal = {Climate Dynamics},
number = {3-4},
pages = {951--962},
title = {{How well do reanalyses represent the southern African precipitation?}},
volume = {40},
year = {2013}
}

@inproceedings{hayes2015,
author = {Hayes, B D and Kao, S C and Kanney, J F and Quinlan, K R and DeNeale, S T},
booktitle = {AGU Fall Meeting Abstracts},
title = {{Site Specific Probable Maximum Precipitation Estimates and Professional Judgement}},
year = {2015}
}

@article{yang2017Nina,
author = {Yang, Long and Liu, Maofeng and Smith, James A and Tian, Fuqiang},
doi = {10.1175/JHM-D-16-0152.1},
journal = {Journal of Hydrometeorology},
number = {2},
pages = {451--472},
title = {{Typhoon Nina and the August 1975 Flood over Central China}},
volume = {18},
year = {2017}
}

@article{li2017WRF,
author = {Li, Yanping and Szeto, Kit and Stewart, Ronald E and Th{\'{e}}riault, Julie M and Chen, Liang and Kochtubajda, Bohdan and Liu, Anthony and Boodoo, Sudesh and Goodson, Ron and Mooney, Curtis and Kurkute, Sopan},
doi = {10.1175/JHM-D-15-0176.1},
journal = {Journal of Hydrometeorology},
number = {8},
pages = {2057--2078},
title = {{A Numerical Study of the June 2013 Flood-Producing Extreme Rainstorm over Southern Alberta}},
volume = {18},
year = {2017}
}

@book{vandenberge2011,
address = {Blacksburg},
author = {VandenBerge, Daniel R and Duncan, James Michael and Brandon, Thomas},
publisher = {Virginia Polytechnic Institute and State University},
title = {{Lessons Learned from Dam Failures}},
year = {2011}
}

@article{Wernli2008,
doi = {10.1175/2008MWR2415.1},
issn = {0027-0644},
journal = {Monthly Weather Review},
number = {11},
pages = {4470--4487},
title = {{SAL-A Novel Quality Measure for the Verification of Quantitative Precipitation Forecasts}},
author = {Wernli, Heini and Paulat, Marcus and Hagen, Martin and Frei, Christoph},
volume = {136},
year = {2008}
}

@article{Gilleland2009,
doi = {10.1175/2009WAF2222269.1},
isbn = {0882-8156$\backslash$r1520-0434},
issn = {0882-8156},
journal = {Weather and Forecasting},
number = {5},
pages = {1416--1430},
title = {{Intercomparison of Spatial Forecast Verification Methods}},
author = {Gilleland, Eric and Ahijevych, David and Brown, Barbara G. and Casati, Barbara and Ebert, Elizabeth E.},
volume = {24},
year = {2009}
}

@article{Davis2006a,
author = {Davis, Christopher and Brown, Barbara and Bullock, Randy},
doi = {10.1175/MWR3145.1},
issn = {0027-0644},
journal = {Monthly Weather Review},
month = {jul},
number = {7},
pages = {1772--1784},
publisher = {American Meteorological Society},
title = {{Object-Based Verification of Precipitation Forecasts. Part I: Methodology and Application to Mesoscale Rain Areas}},
volume = {134},
year = {2006}
}

@article{Davis2006,
author = {Davis, Christopher and Brown, Barbara and Bullock, Randy},
doi = {10.1175/MWR3146.1},
issn = {0027-0644},
journal = {Monthly Weather Review},
month = {jul},
number = {7},
pages = {1785--1795},
publisher = {American Meteorological Society},
title = {{Object-Based Verification of Precipitation Forecasts. Part II: Application to Convective Rain Systems}},
volume = {134},
year = {2006}
}

@article{hobbs1989research,
author = {Hobbs, P V},
journal = {Bulletin of the American Meteorological Society},
number = {3},
pages = {282--285},
publisher = {American Meteorological Society},
title = {{Research on clouds and precipitation: Past, present, and future. I}},
volume = {70},
year = {1989}
}

@article{bureau1961interim,
annote = {HMR36},
author = {Bureau, U S Weather},
journal = {Hydrometeorological Rep},
title = {{Interim report, probable maximum precipitation in California}},
volume = {36},
year = {1961}
}

@inproceedings{bergeron1965low,
author = {Bergeron, Tor},
booktitle = {Proc. Int. Conf. on Cloud Physics},
pages = {96--100},
title = {{On the low-level redistribution of atmospheric water caused by orography}},
year = {1965}
}

@article{liu2016estimating,
author = {Liu, Cheng-Chin and Yang, Tao-Chang and Kuo, Chen-Min and Chen, Jau-Ming and Yu, Pao-Shan},
journal = {Terrestrial, Atmospheric {\&} Oceanic Sciences},
number = {6},
title = {{Estimating Probable Maximum Precipitation by Considering Combined Effect of Typhoon and Southwesterly Air Flow.}},
volume = {27},
year = {2016}
}

@article{WRCR:WRCR8125,
author = {Koutsoyiannis, Demetris},
issn = {1944-7973},
journal = {Water Resources Research},
number = {4},
pages = {1313--1322},
title = {{A probabilistic view of hershfield's method for estimating probable maximum precipitation}},
volume = {35},
year = {1999}
}

@article{sum2010jhm,
author = {Sun, Xiaoming and Barros, Ana P},
doi = {10.1175/2009JHM1142.1},
journal = {Journal of Hydrometeorology},
number = {2},
pages = {388--404},
title = {{An Evaluation of the Statistics of Rainfall Extremes in Rain Gauge Observations, and Satellite-Based and Reanalysis Products Using Universal Multifractals}},
volume = {11},
year = {2010}
}

@article{douglas2003jhm,
author = {Douglas, Ellen M and Barros, Ana P},
doi = {10.1175/1525-7541(2003)004<1012:PMPEUM>2.0.CO;2},
journal = {Journal of Hydrometeorology},
number = {6},
pages = {1012--1024},
title = {{Probable Maximum Precipitation Estimation Using Multifractals: Application in the Eastern United States}},
volume = {4},
year = {2003}
}

@book{NAP9195,
address = {Washington, DC},
author = {{National Research Council (NRC)}},
doi = {10.17226/9195},
pages = {31},
publisher = {The National Academies Press},
title = {{Estimating Bounds on Extreme Precipitation Events: A Brief Assessment}},
year = {1994}
}

@article{papalexiou2006probabilistic,
author = {Papalexiou, S M and Koutsoyiannis, D},
journal = {Advances in Geosciences},
pages = {51--54},
title = {{A probabilistic approach to the concept of Probable Maximum Precipitation}},
volume = {7},
year = {2006}
}

@book{Hu1992,
author = {Hu, M. and Luo, C.},
pages = {727},
publisher = {China Bookstore Publishing House},
title = {{Historical Floods of China}},
year = {1992}
}

@inproceedings{HeimR.R1997,
address = {Reno},
author = {{Heim, R.R}, Jr. and Guttman, N.B.},
booktitle = {Proc. 10th Conf. On Appl. Meteor.},
pages = {171--175},
title = {{On computing 1971-2000 climate normals in the ASOS era}},
year = {1997}
}

@article{JOC:JOC513,
author = {Robinson, Peter J},
doi = {10.1002/1097-0088(200007)20:9<985::AID-JOC513>3.0.CO;2-W},
issn = {1097-0088},
journal = {International Journal of Climatology},
keywords = {United States of America,dew point,humidity,temperature,temporal trends},
number = {9},
pages = {985--1002},
publisher = {John Wiley {\&} Sons, Ltd.},
title = {{Temporal trends in United States dew point temperatures}},
volume = {20},
year = {2000}
}

@article{doi:10.1175/2007JTECHA895.1,
annote = {rain gauge failure},
author = {Wang, Jianxin and Fisher, Brad L and Wolff, David B},
doi = {10.1175/2007JTECHA895.1},
journal = {Journal of Atmospheric and Oceanic Technology},
number = {1},
pages = {43--56},
title = {{Estimating Rain Rates from Tipping-Bucket Rain Gauge Measurements}},
volume = {25},
year = {2008}
}

@techreport{prasad2011design,
annote = {http://www.pnnl.gov/main/publications/external/technical{\_}reports/PNNL-20091.pdf},
author = {Prasad, Rajiv and Hibler, Lyle F and Coleman, Andre M and Ward, Duane L},
institution = {Pacific Northwest National Laboratory (PNNL), Richland, WA (US)},
pages = {185},
title = {{Design-basis flood estimation for site characterization at nuclear power plants in the United States of America}},
year = {2011}
}

@techreport{IAEA2003,
author = {IAEA},
file = {:C$\backslash$:/Users/cxd19/AppData/Local/Mendeley Ltd./Mendeley Desktop/Downloaded/IAEA - 2003 - Flood Hazard for Nuclear Power Plants on Coastal and River Sites.pdf:pdf},
pages = {94},
title = {{Flood Hazard for Nuclear Power Plants on Coastal and River Sites}},
year = {2003}
}

@techreport{iaea2009hydrological,
annote = {IAEA 国际原子能机构},
author = {IAEA},
file = {:C$\backslash$:/Users/cxd19/AppData/Local/Mendeley Ltd./Mendeley Desktop/Downloaded/IAEA - 2009 - Hydrological Hazards in Site Evaluation for Nuclear Installations.pdf:pdf},
institution = {IAEA},
pages = {172},
title = {{Hydrological Hazards in Site Evaluation for Nuclear Installations}},
year = {2009}
}

@inproceedings{hayes2015,
author = {Hayes, B D and Kao, S C and Kanney, J F and Quinlan, K R and DeNeale, S T},
booktitle = {AGU Fall Meeting Abstracts},
title = {{Site Specific Probable Maximum Precipitation Estimates and Professional Judgement}},
year = {2015}
}

@article{yang2017Nina,
author = {Yang, Long and Liu, Maofeng and Smith, James A and Tian, Fuqiang},
doi = {10.1175/JHM-D-16-0152.1},
journal = {Journal of Hydrometeorology},
number = {2},
pages = {451--472},
title = {{Typhoon Nina and the August 1975 Flood over Central China}},
volume = {18},
year = {2017}
}

@article{li2017WRF,
author = {Li, Yanping and Szeto, Kit and Stewart, Ronald E and Th{\'{e}}riault, Julie M and Chen, Liang and Kochtubajda, Bohdan and Liu, Anthony and Boodoo, Sudesh and Goodson, Ron and Mooney, Curtis and Kurkute, Sopan},
doi = {10.1175/JHM-D-15-0176.1},
journal = {Journal of Hydrometeorology},
number = {8},
pages = {2057--2078},
title = {{A Numerical Study of the June 2013 Flood-Producing Extreme Rainstorm over Southern Alberta}},
volume = {18},
year = {2017}
}

@book{vandenberge2011,
address = {Blacksburg},
author = {VandenBerge, Daniel R and Duncan, James Michael and Brandon, Thomas},
publisher = {Virginia Polytechnic Institute and State University},
title = {{Lessons Learned from Dam Failures}},
year = {2011}
}

@article{w9040240,
author = {Lee, Jeonghoon and Choi, Jeonghyeon and Lee, Okjeong and Yoon, Jaeyoung and Kim, Sangdan},
journal = {Water},
number = {4},
title = {{Estimation of Probable Maximum Precipitation in Korea using a Regional Climate Model}},
volume = {9},
year = {2017}
}
